[
  {
    "source_url": "https://www.woolworths.com.au/shop/productdetails/1075479627/broth-of-life-organic-chicken-salt-100g",
    "name": "Broth Of Life Organic Chicken Salt 100g",
    "image_url": "https://cdn1.woolworths.media/content/wowproductimages/large/1075479627.jpg",
    "source_id": "Woolworths - 1075479627",
    "barcode": null,
    "shop": "Woolworths",
    "weight": "10G",
    "prices": [
      {
        "state": "NSW",
        "price": "1155",
        "price_per_unit": "116",
        "price_unit": "G"
      },
      {
        "state": "VIC",
        "price": "1155",
        "price_per_unit": "116",
        "price_unit": "G"
      },
      {
        "state": "QLD",
        "price": "1155",
        "price_per_unit": "116",
        "price_unit": "G"
      },
      {
        "state": "WA",
        "price": "1155",
        "price_per_unit": "116",
        "price_unit": "G"
      },
      {
        "state": "SA",
        "price": "1155",
        "price_per_unit": "116",
        "price_unit": "G"
      },
      {
        "state": "TAS",
        "price": "1155",
        "price_per_unit": "116",
        "price_unit": "G"
      },
      {
        "state": "ACT",
        "price": "1155",
        "price_per_unit": "116",
        "price_unit": "G"
      },
      {
        "state": "NT",
        "price": "1155",
        "price_per_unit": "116",
        "price_unit": "G"
      }
    ]
  },
  {
    "source_url": "https://www.woolworths.com.au/shop/productdetails/1075501738/carmencita-salsana-0-sodium-salt-100g-6-pack-600g-total-best-before-01-02-2026-",
    "name": "Carmencita Salsana 0% Sodium Salt 100g - 6 pack 600g total (Best Before 01-02-2026)",
    "image_url": "https://cdn1.woolworths.media/content/wowproductimages/large/1075501738.jpg",
    "source_id": "Woolworths - 1075501738",
    "barcode": null,
    "shop": "Woolworths",
    "weight": "1EA",
    "prices": [
      {
        "state": "NSW",
        "price": "2100",
        "price_per_unit": "350",
        "price_unit": "EA"
      },
      {
        "state": "VIC",
        "price": "2100",
        "price_per_unit": "350",
        "price_unit": "EA"
      },
      {
        "state": "QLD",
        "price": "2100",
        "price_per_unit": "350",
        "price_unit": "EA"
      },
      {
        "state": "WA",
        "price": "2100",
        "price_per_unit": "350",
        "price_unit": "EA"
      },
      {
        "state": "SA",
        "price": "2100",
        "price_per_unit": "350",
        "price_unit": "EA"
      },
      {
        "state": "TAS",
        "price": "2100",
        "price_per_unit": "350",
        "price_unit": "EA"
      },
      {
        "state": "ACT",
        "price": "2100",
        "price_per_unit": "350",
        "price_unit": "EA"
      },
      {
        "state": "NT",
        "price": "2100",
        "price_per_unit": "350",
        "price_unit": "EA"
      }
    ]
  },
  {
    "source_url": "https://www.woolworths.com.au/shop/productdetails/1075211553/carmencita-spanish-himalayan-black-salt-grinders-100g-2-pack-200g-total",
    "name": "Carmencita Spanish Himalayan Black Salt Grinders 100g -  2 Pack 200g Total",
    "image_url": "https://cdn1.woolworths.media/content/wowproductimages/large/1075211553.jpg",
    "source_id": "Woolworths - 1075211553",
    "barcode": null,
    "shop": "Woolworths",
    "weight": "1EA",
    "prices": [
      {
        "state": "NSW",
        "price": "1200",
        "price_per_unit": "600",
        "price_unit": "EA"
      },
      {
        "state": "VIC",
        "price": "1200",
        "price_per_unit": "600",
        "price_unit": "EA"
      },
      {
        "state": "QLD",
        "price": "1200",
        "price_per_unit": "600",
        "price_unit": "EA"
      },
      {
        "state": "WA",
        "price": "1200",
        "price_per_unit": "600",
        "price_unit": "EA"
      },
      {
        "state": "SA",
        "price": "1200",
        "price_per_unit": "600",
        "price_unit": "EA"
      },
      {
        "state": "TAS",
        "price": "1200",
        "price_per_unit": "600",
        "price_unit": "EA"
      },
      {
        "state": "ACT",
        "price": "1200",
        "price_per_unit": "600",
        "price_unit": "EA"
      },
      {
        "state": "NT",
        "price": "1200",
        "price_per_unit": "600",
        "price_unit": "EA"
      }
    ]
  },
  {
    "source_url": "https://www.woolworths.com.au/shop/productdetails/1075734547/david-s-kosher-salt-1-12kg-x-2",
    "name": "David's Kosher Salt 1.12kg x 2",
    "image_url": "https://cdn1.woolworths.media/content/wowproductimages/large/1075734547.jpg",
    "source_id": "Woolworths - 1075734547",
    "barcode": null,
    "shop": "Woolworths",
    "weight": "1EA",
    "prices": [
      {
        "state": "NSW",
        "price": "3975",
        "price_per_unit": "1988",
        "price_unit": "EA"
      },
      {
        "state": "VIC",
        "price": "3975",
        "price_per_unit": "1988",
        "price_unit": "EA"
      },
      {
        "state": "QLD",
        "price": "3975",
        "price_per_unit": "1988",
        "price_unit": "EA"
      },
      {
        "state": "WA",
        "price": "3975",
        "price_per_unit": "1988",
        "price_unit": "EA"
      },
      {
        "state": "SA",
        "price": "3975",
        "price_per_unit": "1988",
        "price_unit": "EA"
      },
      {
        "state": "TAS",
        "price": "3975",
        "price_per_unit": "1988",
        "price_unit": "EA"
      },
      {
        "state": "ACT",
        "price": "3975",
        "price_per_unit": "1988",
        "price_unit": "EA"
      },
      {
        "state": "NT",
        "price": "3975",
        "price_per_unit": "1988",
        "price_unit": "EA"
      }
    ]
  },
  {
    "source_url": "https://www.woolworths.com.au/shop/productdetails/1074032784/david-s-kosher-salt-453g-x-3",
    "name": "David's Kosher Salt 453g x 3",
    "image_url": "https://cdn1.woolworths.media/content/wowproductimages/large/1074032784.jpg",
    "source_id": "Woolworths - 1074032784",
    "barcode": null,
    "shop": "Woolworths",
    "weight": "1EA",
    "prices": [
      {
        "state": "NSW",
        "price": "3449",
        "price_per_unit": "1150",
        "price_unit": "EA"
      },
      {
        "state": "VIC",
        "price": "3449",
        "price_per_unit": "1150",
        "price_unit": "EA"
      },
      {
        "state": "QLD",
        "price": "3449",
        "price_per_unit": "1150",
        "price_unit": "EA"
      },
      {
        "state": "WA",
        "price": "3449",
        "price_per_unit": "1150",
        "price_unit": "EA"
      },
      {
        "state": "SA",
        "price": "3449",
        "price_per_unit": "1150",
        "price_unit": "EA"
      },
      {
        "state": "TAS",
        "price": "3449",
        "price_per_unit": "1150",
        "price_unit": "EA"
      },
      {
        "state": "ACT",
        "price": "3449",
        "price_per_unit": "1150",
        "price_unit": "EA"
      },
      {
        "state": "NT",
        "price": "3449",
        "price_per_unit": "1150",
        "price_unit": "EA"
      }
    ]
  },
  {
    "source_url": "https://www.woolworths.com.au/shop/productdetails/1074497911/diamond-crystal-kosher-salt-1-36-kg",
    "name": "Diamond Crystal Kosher Salt 1.36 kg",
    "image_url": "https://cdn1.woolworths.media/content/wowproductimages/large/1074497911.jpg",
    "source_id": "Woolworths - 1074497911",
    "barcode": null,
    "shop": "Woolworths",
    "weight": null,
    "prices": [
      null,
      null,
      null
    ]
  },
  {
    "source_url": "https://www.woolworths.com.au/shop/productdetails/1075975600/edlyn-chicken-salt-2-5kg-seasoning-gluten-gmo-free-bulk",
    "name": "Edlyn Chicken Salt 2.5kg Seasoning Gluten/GMO Free Bulk",
    "image_url": "https://cdn1.woolworths.media/content/wowproductimages/large/1075975600.jpg",
    "source_id": "Woolworths - 1075975600",
    "barcode": null,
    "shop": "Woolworths",
    "weight": "1EA",
    "prices": [
      {
        "state": "NSW",
        "price": "7495",
        "price_per_unit": "7495",
        "price_unit": "EA"
      },
      {
        "state": "VIC",
        "price": "7495",
        "price_per_unit": "7495",
        "price_unit": "EA"
      },
      {
        "state": "QLD",
        "price": "7495",
        "price_per_unit": "7495",
        "price_unit": "EA"
      },
      {
        "state": "WA",
        "price": "7495",
        "price_per_unit": "7495",
        "price_unit": "EA"
      },
      {
        "state": "SA",
        "price": "7495",
        "price_per_unit": "7495",
        "price_unit": "EA"
      },
      {
        "state": "TAS",
        "price": "7495",
        "price_per_unit": "7495",
        "price_unit": "EA"
      },
      {
        "state": "ACT",
        "price": "7495",
        "price_per_unit": "7495",
        "price_unit": "EA"
      },
      {
        "state": "NT",
        "price": "7495",
        "price_per_unit": "7495",
        "price_unit": "EA"
      }
    ]
  },
  {
    "source_url": "https://www.woolworths.com.au/shop/productdetails/204373/essentials-iodised-table-salt-drum",
    "name": "Essentials Iodised Table Salt Drum 500g",
    "image_url": "https://cdn1.woolworths.media/content/wowproductimages/large/204373.jpg",
    "source_id": "Woolworths - 204373",
    "barcode": "9300633004897",
    "shop": "Woolworths",
    "weight": "10G",
    "prices": [
      {
        "state": "NSW",
        "price": "210",
        "price_per_unit": "4",
        "price_unit": "G"
      },
      {
        "state": "VIC",
        "price": "210",
        "price_per_unit": "4",
        "price_unit": "G"
      },
      {
        "state": "QLD",
        "price": "210",
        "price_per_unit": "4",
        "price_unit": "G"
      },
      {
        "state": "WA",
        "price": "210",
        "price_per_unit": "4",
        "price_unit": "G"
      },
      {
        "state": "SA",
        "price": "210",
        "price_per_unit": "4",
        "price_unit": "G"
      },
      {
        "state": "TAS",
        "price": "210",
        "price_per_unit": "4",
        "price_unit": "G"
      },
      {
        "state": "ACT",
        "price": "210",
        "price_per_unit": "4",
        "price_unit": "G"
      },
      {
        "state": "NT",
        "price": "210",
        "price_per_unit": "4",
        "price_unit": "G"
      }
    ]
  },
  {
    "source_url": "https://www.woolworths.com.au/shop/productdetails/37687/essentials-table-salt",
    "name": "Essentials Table Salt 1kg",
    "image_url": "https://cdn1.woolworths.media/content/wowproductimages/large/037687.jpg",
    "source_id": "Woolworths - 37687",
    "barcode": "9300633376871",
    "shop": "Woolworths",
    "weight": "10G",
    "prices": [
      {
        "state": "NSW",
        "price": "200",
        "price_per_unit": "2",
        "price_unit": "G"
      },
      {
        "state": "VIC",
        "price": "200",
        "price_per_unit": "2",
        "price_unit": "G"
      },
      {
        "state": "QLD",
        "price": "200",
        "price_per_unit": "2",
        "price_unit": "G"
      },
      {
        "state": "WA",
        "price": "200",
        "price_per_unit": "2",
        "price_unit": "G"
      },
      {
        "state": "SA",
        "price": "200",
        "price_per_unit": "2",
        "price_unit": "G"
      },
      {
        "state": "TAS",
        "price": "200",
        "price_per_unit": "2",
        "price_unit": "G"
      },
      {
        "state": "ACT",
        "price": "200",
        "price_per_unit": "2",
        "price_unit": "G"
      },
      {
        "state": "NT",
        "price": "210",
        "price_per_unit": "2",
        "price_unit": "G"
      }
    ]
  },
  {
    "source_url": "https://www.woolworths.com.au/shop/productdetails/1075478839/honest-to-goodness-celtic-sea-salt-coarse-600g",
    "name": "Honest to Goodness Celtic Sea Salt Coarse 600g",
    "image_url": "https://cdn1.woolworths.media/content/wowproductimages/large/1075478839.jpg",
    "source_id": "Woolworths - 1075478839",
    "barcode": null,
    "shop": "Woolworths",
    "weight": "10G",
    "prices": [
      {
        "state": "NSW",
        "price": "995",
        "price_per_unit": "17",
        "price_unit": "G"
      },
      {
        "state": "VIC",
        "price": "995",
        "price_per_unit": "17",
        "price_unit": "G"
      },
      {
        "state": "QLD",
        "price": "995",
        "price_per_unit": "17",
        "price_unit": "G"
      },
      {
        "state": "WA",
        "price": "995",
        "price_per_unit": "17",
        "price_unit": "G"
      },
      {
        "state": "SA",
        "price": "995",
        "price_per_unit": "17",
        "price_unit": "G"
      },
      {
        "state": "TAS",
        "price": "995",
        "price_per_unit": "17",
        "price_unit": "G"
      },
      {
        "state": "ACT",
        "price": "995",
        "price_per_unit": "17",
        "price_unit": "G"
      },
      {
        "state": "NT",
        "price": "995",
        "price_per_unit": "17",
        "price_unit": "G"
      }
    ]
  },
  {
    "source_url": "https://www.woolworths.com.au/shop/productdetails/1075975598/ism-pepper-individual-serve-3gm-2000s-sachets-bulk-carton",
    "name": "ISM Pepper Individual Serve 3gm 2000s Sachets Bulk Carton",
    "image_url": "https://cdn1.woolworths.media/content/wowproductimages/large/1075975598.jpg",
    "source_id": "Woolworths - 1075975598",
    "barcode": null,
    "shop": "Woolworths",
    "weight": "1EA",
    "prices": [
      {
        "state": "NSW",
        "price": "5995",
        "price_per_unit": "5995",
        "price_unit": "EA"
      },
      {
        "state": "VIC",
        "price": "5995",
        "price_per_unit": "5995",
        "price_unit": "EA"
      },
      {
        "state": "QLD",
        "price": "5995",
        "price_per_unit": "5995",
        "price_unit": "EA"
      },
      {
        "state": "WA",
        "price": "5995",
        "price_per_unit": "5995",
        "price_unit": "EA"
      },
      {
        "state": "SA",
        "price": "5995",
        "price_per_unit": "5995",
        "price_unit": "EA"
      },
      {
        "state": "TAS",
        "price": "5995",
        "price_per_unit": "5995",
        "price_unit": "EA"
      },
      {
        "state": "ACT",
        "price": "5995",
        "price_per_unit": "5995",
        "price_unit": "EA"
      },
      {
        "state": "NT",
        "price": "5995",
        "price_per_unit": "5995",
        "price_unit": "EA"
      }
    ]
  },
  {
    "source_url": "https://www.woolworths.com.au/shop/productdetails/1075975599/ism-salt-individual-serve-1gm-2000s-sachets-bulk-carton",
    "name": "ISM Salt Individual Serve 1gm 2000s Sachets Bulk Carton",
    "image_url": "https://cdn1.woolworths.media/content/wowproductimages/large/1075975599.jpg",
    "source_id": "Woolworths - 1075975599",
    "barcode": null,
    "shop": "Woolworths",
    "weight": "1EA",
    "prices": [
      {
        "state": "NSW",
        "price": "3895",
        "price_per_unit": "3895",
        "price_unit": "EA"
      },
      {
        "state": "VIC",
        "price": "3895",
        "price_per_unit": "3895",
        "price_unit": "EA"
      },
      {
        "state": "QLD",
        "price": "3895",
        "price_per_unit": "3895",
        "price_unit": "EA"
      },
      {
        "state": "WA",
        "price": "3895",
        "price_per_unit": "3895",
        "price_unit": "EA"
      },
      {
        "state": "SA",
        "price": "3895",
        "price_per_unit": "3895",
        "price_unit": "EA"
      },
      {
        "state": "TAS",
        "price": "3895",
        "price_per_unit": "3895",
        "price_unit": "EA"
      },
      {
        "state": "ACT",
        "price": "3895",
        "price_per_unit": "3895",
        "price_unit": "EA"
      },
      {
        "state": "NT",
        "price": "3895",
        "price_per_unit": "3895",
        "price_unit": "EA"
      }
    ]
  },
  {
    "source_url": "https://www.woolworths.com.au/shop/productdetails/1074032795/jane-s-krazy-original-mixed-up-pepper-71g-x-3",
    "name": "Jane's Krazy Original Mixed Up Pepper 71g x 3",
    "image_url": "https://cdn1.woolworths.media/content/wowproductimages/large/1074032795.jpg",
    "source_id": "Woolworths - 1074032795",
    "barcode": null,
    "shop": "Woolworths",
    "weight": "1EA",
    "prices": [
      {
        "state": "NSW",
        "price": "2999",
        "price_per_unit": "1000",
        "price_unit": "EA"
      },
      {
        "state": "VIC",
        "price": "2999",
        "price_per_unit": "1000",
        "price_unit": "EA"
      },
      {
        "state": "QLD",
        "price": "2999",
        "price_per_unit": "1000",
        "price_unit": "EA"
      },
      {
        "state": "WA",
        "price": "2999",
        "price_per_unit": "1000",
        "price_unit": "EA"
      },
      {
        "state": "SA",
        "price": "2999",
        "price_per_unit": "1000",
        "price_unit": "EA"
      },
      {
        "state": "TAS",
        "price": "2999",
        "price_per_unit": "1000",
        "price_unit": "EA"
      },
      {
        "state": "ACT",
        "price": "2999",
        "price_per_unit": "1000",
        "price_unit": "EA"
      },
      {
        "state": "NT",
        "price": "2999",
        "price_per_unit": "1000",
        "price_unit": "EA"
      }
    ]
  },
  {
    "source_url": "https://www.woolworths.com.au/shop/productdetails/129480/line-17-himalyan-salt",
    "name": "Line 17 Himalyan Salt 200g",
    "image_url": "https://cdn1.woolworths.media/content/wowproductimages/large/129480.jpg",
    "source_id": "Woolworths - 129480",
    "barcode": "799439984059",
    "shop": "Woolworths",
    "weight": "10G",
    "prices": [
      {
        "state": "NSW",
        "price": "1200",
        "price_per_unit": "60",
        "price_unit": "G"
      },
      {
        "state": "SA",
        "price": "1200",
        "price_per_unit": "60",
        "price_unit": "G"
      },
      {
        "state": "TAS",
        "price": "1200",
        "price_per_unit": "60",
        "price_unit": "G"
      },
      {
        "state": "ACT",
        "price": "1200",
        "price_per_unit": "60",
        "price_unit": "G"
      }
    ]
  },
  {
    "source_url": "https://www.woolworths.com.au/shop/productdetails/129606/line-17-on-the-edge-seasoned-salt",
    "name": "Line 17 On The Edge Seasoned Salt 125g",
    "image_url": "https://cdn1.woolworths.media/content/wowproductimages/large/129606.jpg",
    "source_id": "Woolworths - 129606",
    "barcode": "799439984103",
    "shop": "Woolworths",
    "weight": "10G",
    "prices": [
      {
        "state": "NSW",
        "price": "1200",
        "price_per_unit": "96",
        "price_unit": "G"
      },
      {
        "state": "SA",
        "price": "1200",
        "price_per_unit": "96",
        "price_unit": "G"
      },
      {
        "state": "TAS",
        "price": "1200",
        "price_per_unit": "96",
        "price_unit": "G"
      },
      {
        "state": "ACT",
        "price": "1200",
        "price_per_unit": "96",
        "price_unit": "G"
      }
    ]
  },
  {
    "source_url": "https://www.woolworths.com.au/shop/productdetails/1075797687/lotus-coarse-celtic-sea-salt-1kg",
    "name": "Lotus Coarse Celtic Sea Salt 1kg",
    "image_url": "https://cdn1.woolworths.media/content/wowproductimages/large/1075797687.jpg",
    "source_id": "Woolworths - 1075797687",
    "barcode": null,
    "shop": "Woolworths",
    "weight": "10G",
    "prices": [
      {
        "state": "NSW",
        "price": "1249",
        "price_per_unit": "28",
        "price_unit": "G"
      },
      {
        "state": "VIC",
        "price": "1249",
        "price_per_unit": "28",
        "price_unit": "G"
      },
      {
        "state": "QLD",
        "price": "1249",
        "price_per_unit": "28",
        "price_unit": "G"
      },
      {
        "state": "WA",
        "price": "1249",
        "price_per_unit": "28",
        "price_unit": "G"
      },
      {
        "state": "SA",
        "price": "1249",
        "price_per_unit": "28",
        "price_unit": "G"
      },
      {
        "state": "TAS",
        "price": "1249",
        "price_per_unit": "28",
        "price_unit": "G"
      },
      {
        "state": "ACT",
        "price": "1249",
        "price_per_unit": "28",
        "price_unit": "G"
      },
      {
        "state": "NT",
        "price": "1249",
        "price_per_unit": "28",
        "price_unit": "G"
      }
    ]
  },
  {
    "source_url": "https://www.woolworths.com.au/shop/productdetails/1075797615/lotus-fine-celtic-sea-salt-1kg",
    "name": "Lotus Fine Celtic Sea Salt 1kg",
    "image_url": "https://cdn1.woolworths.media/content/wowproductimages/large/1075797615.jpg",
    "source_id": "Woolworths - 1075797615",
    "barcode": null,
    "shop": "Woolworths",
    "weight": "10G",
    "prices": [
      {
        "state": "NSW",
        "price": "1749",
        "price_per_unit": "87",
        "price_unit": "G"
      },
      {
        "state": "VIC",
        "price": "1749",
        "price_per_unit": "87",
        "price_unit": "G"
      },
      {
        "state": "QLD",
        "price": "1749",
        "price_per_unit": "87",
        "price_unit": "G"
      },
      {
        "state": "WA",
        "price": "1749",
        "price_per_unit": "87",
        "price_unit": "G"
      },
      {
        "state": "SA",
        "price": "1749",
        "price_per_unit": "87",
        "price_unit": "G"
      },
      {
        "state": "TAS",
        "price": "1749",
        "price_per_unit": "87",
        "price_unit": "G"
      },
      {
        "state": "ACT",
        "price": "1749",
        "price_per_unit": "87",
        "price_unit": "G"
      },
      {
        "state": "NT",
        "price": "1749",
        "price_per_unit": "87",
        "price_unit": "G"
      }
    ]
  },
  {
    "source_url": "https://www.woolworths.com.au/shop/productdetails/1075797712/lotus-fine-celtic-sea-salt-500g",
    "name": "Lotus Fine Celtic Sea Salt 500g",
    "image_url": "https://cdn1.woolworths.media/content/wowproductimages/large/1075797712.jpg",
    "source_id": "Woolworths - 1075797712",
    "barcode": null,
    "shop": "Woolworths",
    "weight": "100G",
    "prices": [
      {
        "state": "NSW",
        "price": "899",
        "price_per_unit": "180",
        "price_unit": "G"
      },
      {
        "state": "VIC",
        "price": "899",
        "price_per_unit": "180",
        "price_unit": "G"
      },
      {
        "state": "QLD",
        "price": "899",
        "price_per_unit": "180",
        "price_unit": "G"
      },
      {
        "state": "WA",
        "price": "899",
        "price_per_unit": "180",
        "price_unit": "G"
      },
      {
        "state": "SA",
        "price": "899",
        "price_per_unit": "180",
        "price_unit": "G"
      },
      {
        "state": "TAS",
        "price": "899",
        "price_per_unit": "180",
        "price_unit": "G"
      },
      {
        "state": "ACT",
        "price": "899",
        "price_per_unit": "180",
        "price_unit": "G"
      },
      {
        "state": "NT",
        "price": "899",
        "price_per_unit": "180",
        "price_unit": "G"
      }
    ]
  },
  {
    "source_url": "https://www.woolworths.com.au/shop/productdetails/1075797741/lotus-fine-celtic-sea-salt-shaker-450g",
    "name": "Lotus Fine Celtic Sea Salt Shaker 450g",
    "image_url": "https://cdn1.woolworths.media/content/wowproductimages/large/1075797741.jpg",
    "source_id": "Woolworths - 1075797741",
    "barcode": null,
    "shop": "Woolworths",
    "weight": "100ML",
    "prices": [
      {
        "state": "NSW",
        "price": "999",
        "price_per_unit": "1998",
        "price_unit": "ML"
      },
      {
        "state": "VIC",
        "price": "999",
        "price_per_unit": "1998",
        "price_unit": "ML"
      },
      {
        "state": "QLD",
        "price": "999",
        "price_per_unit": "1998",
        "price_unit": "ML"
      },
      {
        "state": "WA",
        "price": "999",
        "price_per_unit": "1998",
        "price_unit": "ML"
      },
      {
        "state": "SA",
        "price": "999",
        "price_per_unit": "1998",
        "price_unit": "ML"
      },
      {
        "state": "TAS",
        "price": "999",
        "price_per_unit": "1998",
        "price_unit": "ML"
      },
      {
        "state": "ACT",
        "price": "999",
        "price_per_unit": "1998",
        "price_unit": "ML"
      },
      {
        "state": "NT",
        "price": "999",
        "price_per_unit": "1998",
        "price_unit": "ML"
      }
    ]
  },
  {
    "source_url": "https://www.woolworths.com.au/shop/productdetails/1074032838/maldon-sea-salt-flakes-1-4kg",
    "name": "Maldon Sea Salt Flakes 1.4kg",
    "image_url": "https://cdn1.woolworths.media/content/wowproductimages/large/1074032838.jpg",
    "source_id": "Woolworths - 1074032838",
    "barcode": null,
    "shop": "Woolworths",
    "weight": "10G",
    "prices": [
      {
        "state": "NSW",
        "price": "5879",
        "price_per_unit": "42",
        "price_unit": "G"
      },
      {
        "state": "VIC",
        "price": "5879",
        "price_per_unit": "42",
        "price_unit": "G"
      },
      {
        "state": "QLD",
        "price": "5879",
        "price_per_unit": "42",
        "price_unit": "G"
      },
      {
        "state": "WA",
        "price": "5879",
        "price_per_unit": "42",
        "price_unit": "G"
      },
      {
        "state": "SA",
        "price": "5879",
        "price_per_unit": "42",
        "price_unit": "G"
      },
      {
        "state": "TAS",
        "price": "5879",
        "price_per_unit": "42",
        "price_unit": "G"
      },
      {
        "state": "ACT",
        "price": "5879",
        "price_per_unit": "42",
        "price_unit": "G"
      },
      {
        "state": "NT",
        "price": "5879",
        "price_per_unit": "42",
        "price_unit": "G"
      }
    ]
  },
  {
    "source_url": "https://www.woolworths.com.au/shop/productdetails/77000/maldon-sea-salt-flakes",
    "name": "Maldon Sea Salt Flakes 240g",
    "image_url": "https://cdn1.woolworths.media/content/wowproductimages/large/077000.jpg",
    "source_id": "Woolworths - 77000",
    "barcode": "5011428100048",
    "shop": "Woolworths",
    "weight": "10G",
    "prices": [
      {
        "state": "NSW",
        "price": "1000",
        "price_per_unit": "42",
        "price_unit": "G"
      },
      {
        "state": "VIC",
        "price": "1000",
        "price_per_unit": "42",
        "price_unit": "G"
      },
      {
        "state": "QLD",
        "price": "1000",
        "price_per_unit": "42",
        "price_unit": "G"
      },
      {
        "state": "WA",
        "price": "1000",
        "price_per_unit": "42",
        "price_unit": "G"
      },
      {
        "state": "SA",
        "price": "1000",
        "price_per_unit": "42",
        "price_unit": "G"
      },
      {
        "state": "TAS",
        "price": "750",
        "price_per_unit": "31",
        "price_unit": "G"
      },
      {
        "state": "ACT",
        "price": "750",
        "price_per_unit": "31",
        "price_unit": "G"
      },
      {
        "state": "NT",
        "price": "750",
        "price_per_unit": "31",
        "price_unit": "G"
      }
    ]
  },
  {
    "source_url": "https://www.woolworths.com.au/shop/productdetails/75194/mckenzie-s-pepper-black-ground",
    "name": "McKenzie's Pepper Black Ground 100g",
    "image_url": "https://cdn1.woolworths.media/content/wowproductimages/large/075194.jpg",
    "source_id": "Woolworths - 75194",
    "barcode": "9310061390400",
    "shop": "Woolworths",
    "weight": "10G",
    "prices": [
      {
        "state": "NSW",
        "price": "420",
        "price_per_unit": "42",
        "price_unit": "G"
      },
      {
        "state": "VIC",
        "price": "420",
        "price_per_unit": "42",
        "price_unit": "G"
      },
      {
        "state": "QLD",
        "price": "420",
        "price_per_unit": "42",
        "price_unit": "G"
      },
      {
        "state": "WA",
        "price": "420",
        "price_per_unit": "42",
        "price_unit": "G"
      },
      {
        "state": "SA",
        "price": "420",
        "price_per_unit": "42",
        "price_unit": "G"
      },
      {
        "state": "TAS",
        "price": "370",
        "price_per_unit": "37",
        "price_unit": "G"
      },
      {
        "state": "ACT",
        "price": "370",
        "price_per_unit": "37",
        "price_unit": "G"
      },
      {
        "state": "NT",
        "price": "370",
        "price_per_unit": "37",
        "price_unit": "G"
      }
    ]
  },
  {
    "source_url": "https://www.woolworths.com.au/shop/productdetails/320994/mckenzie-s-pepper-black-whole",
    "name": "McKenzie's Pepper Black Whole 200g",
    "image_url": "https://cdn1.woolworths.media/content/wowproductimages/large/320994.jpg",
    "source_id": "Woolworths - 320994",
    "barcode": "9310061967206",
    "shop": "Woolworths",
    "weight": "10G",
    "prices": [
      {
        "state": "NSW",
        "price": "595",
        "price_per_unit": "30",
        "price_unit": "G"
      },
      {
        "state": "VIC",
        "price": "595",
        "price_per_unit": "30",
        "price_unit": "G"
      },
      {
        "state": "QLD",
        "price": "595",
        "price_per_unit": "30",
        "price_unit": "G"
      },
      {
        "state": "WA",
        "price": "595",
        "price_per_unit": "30",
        "price_unit": "G"
      },
      {
        "state": "SA",
        "price": "595",
        "price_per_unit": "30",
        "price_unit": "G"
      },
      {
        "state": "TAS",
        "price": "550",
        "price_per_unit": "28",
        "price_unit": "G"
      },
      {
        "state": "ACT",
        "price": "550",
        "price_per_unit": "28",
        "price_unit": "G"
      },
      {
        "state": "NT",
        "price": "550",
        "price_per_unit": "28",
        "price_unit": "G"
      }
    ]
  },
  {
    "source_url": "https://www.woolworths.com.au/shop/productdetails/75202/mckenzie-s-pepper-white-ground",
    "name": "McKenzie's Pepper White Ground 100g",
    "image_url": "https://cdn1.woolworths.media/content/wowproductimages/large/075202.jpg",
    "source_id": "Woolworths - 75202",
    "barcode": "9310061386809",
    "shop": "Woolworths",
    "weight": "10G",
    "prices": [
      {
        "state": "NSW",
        "price": "420",
        "price_per_unit": "42",
        "price_unit": "G"
      },
      {
        "state": "VIC",
        "price": "420",
        "price_per_unit": "42",
        "price_unit": "G"
      },
      {
        "state": "QLD",
        "price": "420",
        "price_per_unit": "42",
        "price_unit": "G"
      },
      {
        "state": "WA",
        "price": "420",
        "price_per_unit": "42",
        "price_unit": "G"
      },
      {
        "state": "SA",
        "price": "420",
        "price_per_unit": "42",
        "price_unit": "G"
      },
      {
        "state": "TAS",
        "price": "370",
        "price_per_unit": "37",
        "price_unit": "G"
      },
      {
        "state": "ACT",
        "price": "370",
        "price_per_unit": "37",
        "price_unit": "G"
      },
      {
        "state": "NT",
        "price": "370",
        "price_per_unit": "37",
        "price_unit": "G"
      }
    ]
  },
  {
    "source_url": "https://www.woolworths.com.au/shop/productdetails/1075975601/mermaid-table-salt-14kg-bulk-carton",
    "name": "Mermaid Table Salt 14kg Bulk Carton",
    "image_url": "https://cdn1.woolworths.media/content/wowproductimages/large/1075975601.jpg",
    "source_id": "Woolworths - 1075975601",
    "barcode": null,
    "shop": "Woolworths",
    "weight": "1EA",
    "prices": [
      {
        "state": "NSW",
        "price": "8995",
        "price_per_unit": "8995",
        "price_unit": "EA"
      },
      {
        "state": "VIC",
        "price": "8995",
        "price_per_unit": "8995",
        "price_unit": "EA"
      },
      {
        "state": "QLD",
        "price": "8995",
        "price_per_unit": "8995",
        "price_unit": "EA"
      },
      {
        "state": "WA",
        "price": "8995",
        "price_per_unit": "8995",
        "price_unit": "EA"
      },
      {
        "state": "SA",
        "price": "8995",
        "price_per_unit": "8995",
        "price_unit": "EA"
      },
      {
        "state": "TAS",
        "price": "8995",
        "price_per_unit": "8995",
        "price_unit": "EA"
      },
      {
        "state": "ACT",
        "price": "8995",
        "price_per_unit": "8995",
        "price_unit": "EA"
      },
      {
        "state": "NT",
        "price": "8995",
        "price_per_unit": "8995",
        "price_unit": "EA"
      }
    ]
  },
  {
    "source_url": "https://www.woolworths.com.au/shop/productdetails/240568/murray-river-salt-flakes",
    "name": "Murray River Salt Flakes 150g",
    "image_url": "https://cdn1.woolworths.media/content/wowproductimages/large/240568.jpg",
    "source_id": "Woolworths - 240568",
    "barcode": "9332191000127",
    "shop": "Woolworths",
    "weight": "10G",
    "prices": [
      {
        "state": "NSW",
        "price": "560",
        "price_per_unit": "37",
        "price_unit": "G"
      },
      {
        "state": "VIC",
        "price": "560",
        "price_per_unit": "37",
        "price_unit": "G"
      },
      {
        "state": "QLD",
        "price": "560",
        "price_per_unit": "37",
        "price_unit": "G"
      },
      {
        "state": "WA",
        "price": "560",
        "price_per_unit": "37",
        "price_unit": "G"
      },
      {
        "state": "SA",
        "price": "560",
        "price_per_unit": "37",
        "price_unit": "G"
      },
      {
        "state": "TAS",
        "price": "700",
        "price_per_unit": "47",
        "price_unit": "G"
      },
      null,
      {
        "state": "NT",
        "price": "700",
        "price_per_unit": "47",
        "price_unit": "G"
      }
    ]
  },
  {
    "source_url": "https://www.woolworths.com.au/shop/productdetails/197121/natural-black-peppercorn-ceramic-grinder",
    "name": "Natural Black Peppercorn Ceramic Grinder 50g",
    "image_url": "https://cdn1.woolworths.media/content/wowproductimages/large/197121.jpg",
    "source_id": "Woolworths - 197121",
    "barcode": "837038000159",
    "shop": "Woolworths",
    "weight": "10G",
    "prices": [
      {
        "state": "NSW",
        "price": "525",
        "price_per_unit": "105",
        "price_unit": "G"
      },
      {
        "state": "VIC",
        "price": "525",
        "price_per_unit": "105",
        "price_unit": "G"
      },
      {
        "state": "QLD",
        "price": "525",
        "price_per_unit": "105",
        "price_unit": "G"
      },
      {
        "state": "WA",
        "price": "525",
        "price_per_unit": "105",
        "price_unit": "G"
      },
      {
        "state": "SA",
        "price": "525",
        "price_per_unit": "105",
        "price_unit": "G"
      },
      {
        "state": "TAS",
        "price": "525",
        "price_per_unit": "105",
        "price_unit": "G"
      },
      {
        "state": "ACT",
        "price": "525",
        "price_per_unit": "105",
        "price_unit": "G"
      },
      {
        "state": "NT",
        "price": "525",
        "price_per_unit": "105",
        "price_unit": "G"
      }
    ]
  },
  {
    "source_url": "https://www.woolworths.com.au/shop/productdetails/500876/natural-large-black-peppercorns-grinder",
    "name": "Natural Large Black Peppercorns Grinder 130g",
    "image_url": "https://cdn1.woolworths.media/content/wowproductimages/large/500876.jpg",
    "source_id": "Woolworths - 500876",
    "barcode": "9328418000773",
    "shop": "Woolworths",
    "weight": "10G",
    "prices": [
      {
        "state": "NSW",
        "price": "600",
        "price_per_unit": "46",
        "price_unit": "G"
      },
      {
        "state": "VIC",
        "price": "600",
        "price_per_unit": "46",
        "price_unit": "G"
      },
      {
        "state": "QLD",
        "price": "600",
        "price_per_unit": "46",
        "price_unit": "G"
      },
      {
        "state": "WA",
        "price": "600",
        "price_per_unit": "46",
        "price_unit": "G"
      },
      {
        "state": "SA",
        "price": "600",
        "price_per_unit": "46",
        "price_unit": "G"
      },
      {
        "state": "TAS",
        "price": "700",
        "price_per_unit": "54",
        "price_unit": "G"
      },
      {
        "state": "ACT",
        "price": "700",
        "price_per_unit": "54",
        "price_unit": "G"
      },
      {
        "state": "NT",
        "price": "700",
        "price_per_unit": "54",
        "price_unit": "G"
      }
    ]
  },
  {
    "source_url": "https://www.woolworths.com.au/shop/productdetails/498387/natural-large-himalayan-salt-grinder",
    "name": "Natural Large Himalayan Salt Grinder 260g",
    "image_url": "https://cdn1.woolworths.media/content/wowproductimages/large/498387.jpg",
    "source_id": "Woolworths - 498387",
    "barcode": "9328418000766",
    "shop": "Woolworths",
    "weight": "10G",
    "prices": [
      {
        "state": "NSW",
        "price": "600",
        "price_per_unit": "23",
        "price_unit": "G"
      },
      {
        "state": "VIC",
        "price": "600",
        "price_per_unit": "23",
        "price_unit": "G"
      },
      {
        "state": "QLD",
        "price": "600",
        "price_per_unit": "23",
        "price_unit": "G"
      },
      {
        "state": "WA",
        "price": "600",
        "price_per_unit": "23",
        "price_unit": "G"
      },
      {
        "state": "SA",
        "price": "600",
        "price_per_unit": "23",
        "price_unit": "G"
      },
      {
        "state": "TAS",
        "price": "700",
        "price_per_unit": "27",
        "price_unit": "G"
      },
      {
        "state": "ACT",
        "price": "700",
        "price_per_unit": "27",
        "price_unit": "G"
      },
      {
        "state": "NT",
        "price": "700",
        "price_per_unit": "27",
        "price_unit": "G"
      }
    ]
  },
  {
    "source_url": "https://www.woolworths.com.au/shop/productdetails/494627/natural-large-sea-salt-grinder",
    "name": "Natural Large Sea Salt Grinder 260g",
    "image_url": "https://cdn1.woolworths.media/content/wowproductimages/large/494627.jpg",
    "source_id": "Woolworths - 494627",
    "barcode": "9328418000759",
    "shop": "Woolworths",
    "weight": "10G",
    "prices": [
      {
        "state": "NSW",
        "price": "600",
        "price_per_unit": "23",
        "price_unit": "G"
      },
      {
        "state": "VIC",
        "price": "600",
        "price_per_unit": "23",
        "price_unit": "G"
      },
      {
        "state": "QLD",
        "price": "600",
        "price_per_unit": "23",
        "price_unit": "G"
      },
      {
        "state": "WA",
        "price": "600",
        "price_per_unit": "23",
        "price_unit": "G"
      },
      {
        "state": "SA",
        "price": "600",
        "price_per_unit": "23",
        "price_unit": "G"
      },
      {
        "state": "TAS",
        "price": "700",
        "price_per_unit": "27",
        "price_unit": "G"
      },
      {
        "state": "ACT",
        "price": "700",
        "price_per_unit": "27",
        "price_unit": "G"
      },
      {
        "state": "NT",
        "price": "700",
        "price_per_unit": "27",
        "price_unit": "G"
      }
    ]
  },
  {
    "source_url": "https://www.woolworths.com.au/shop/productdetails/1074032893/nice-n-tasty-chicken-salt-seasoning-700g",
    "name": "Nice N' Tasty Chicken Salt Seasoning 700g",
    "image_url": "https://cdn1.woolworths.media/content/wowproductimages/large/1074032893.jpg",
    "source_id": "Woolworths - 1074032893",
    "barcode": null,
    "shop": "Woolworths",
    "weight": "10G",
    "prices": [
      {
        "state": "NSW",
        "price": "2999",
        "price_per_unit": "43",
        "price_unit": "G"
      },
      {
        "state": "VIC",
        "price": "2999",
        "price_per_unit": "43",
        "price_unit": "G"
      },
      {
        "state": "QLD",
        "price": "2999",
        "price_per_unit": "43",
        "price_unit": "G"
      },
      {
        "state": "WA",
        "price": "2999",
        "price_per_unit": "43",
        "price_unit": "G"
      },
      {
        "state": "SA",
        "price": "2999",
        "price_per_unit": "43",
        "price_unit": "G"
      },
      {
        "state": "TAS",
        "price": "2999",
        "price_per_unit": "43",
        "price_unit": "G"
      },
      {
        "state": "ACT",
        "price": "2999",
        "price_per_unit": "43",
        "price_unit": "G"
      },
      {
        "state": "NT",
        "price": "2999",
        "price_per_unit": "43",
        "price_unit": "G"
      }
    ]
  },
  {
    "source_url": "https://www.woolworths.com.au/shop/productdetails/1075478950/olssons-salt-mountain-pepper-blend-shaker-220g",
    "name": "Olssons Salt Mountain Pepper Blend Shaker 220g",
    "image_url": "https://cdn1.woolworths.media/content/wowproductimages/large/1075478950.jpg",
    "source_id": "Woolworths - 1075478950",
    "barcode": null,
    "shop": "Woolworths",
    "weight": "10G",
    "prices": [
      {
        "state": "NSW",
        "price": "2800",
        "price_per_unit": "127",
        "price_unit": "G"
      },
      {
        "state": "VIC",
        "price": "2800",
        "price_per_unit": "127",
        "price_unit": "G"
      },
      {
        "state": "QLD",
        "price": "2800",
        "price_per_unit": "127",
        "price_unit": "G"
      },
      {
        "state": "WA",
        "price": "2800",
        "price_per_unit": "127",
        "price_unit": "G"
      },
      {
        "state": "SA",
        "price": "2800",
        "price_per_unit": "127",
        "price_unit": "G"
      },
      {
        "state": "TAS",
        "price": "2800",
        "price_per_unit": "127",
        "price_unit": "G"
      },
      {
        "state": "ACT",
        "price": "2800",
        "price_per_unit": "127",
        "price_unit": "G"
      },
      {
        "state": "NT",
        "price": "2800",
        "price_per_unit": "127",
        "price_unit": "G"
      }
    ]
  },
  {
    "source_url": "https://www.woolworths.com.au/shop/productdetails/1074709528/orku-100g-cooking-black-salt-himalayan-medium-grain-vegan-egg-kala-namak",
    "name": "Orku 100g Cooking Black Salt Himalayan - Medium Grain Vegan Egg Kala Namak",
    "image_url": "https://cdn1.woolworths.media/content/wowproductimages/large/1074709528.jpg",
    "source_id": "Woolworths - 1074709528",
    "barcode": null,
    "shop": "Woolworths",
    "weight": "10G",
    "prices": [
      {
        "state": "NSW",
        "price": "2799",
        "price_per_unit": "280",
        "price_unit": "G"
      },
      {
        "state": "VIC",
        "price": "2799",
        "price_per_unit": "280",
        "price_unit": "G"
      },
      {
        "state": "QLD",
        "price": "2799",
        "price_per_unit": "280",
        "price_unit": "G"
      },
      {
        "state": "WA",
        "price": "2799",
        "price_per_unit": "280",
        "price_unit": "G"
      },
      {
        "state": "SA",
        "price": "2799",
        "price_per_unit": "280",
        "price_unit": "G"
      },
      {
        "state": "TAS",
        "price": "2799",
        "price_per_unit": "280",
        "price_unit": "G"
      },
      {
        "state": "ACT",
        "price": "2799",
        "price_per_unit": "280",
        "price_unit": "G"
      },
      {
        "state": "NT",
        "price": "2799",
        "price_per_unit": "280",
        "price_unit": "G"
      }
    ]
  },
  {
    "source_url": "https://www.woolworths.com.au/shop/productdetails/1074709535/orku-100g-fine-black-salt-himalayan-table-grain-vegan-edible-egg-kala-namak-bag",
    "name": "Orku 100g Fine Black Salt Himalayan - Table Grain Vegan Edible Egg Kala Namak Bag",
    "image_url": "https://cdn1.woolworths.media/content/wowproductimages/large/1074709535.jpg",
    "source_id": "Woolworths - 1074709535",
    "barcode": null,
    "shop": "Woolworths",
    "weight": "10G",
    "prices": [
      {
        "state": "NSW",
        "price": "2799",
        "price_per_unit": "280",
        "price_unit": "G"
      },
      {
        "state": "VIC",
        "price": "2799",
        "price_per_unit": "280",
        "price_unit": "G"
      },
      {
        "state": "QLD",
        "price": "2799",
        "price_per_unit": "280",
        "price_unit": "G"
      },
      {
        "state": "WA",
        "price": "2799",
        "price_per_unit": "280",
        "price_unit": "G"
      },
      {
        "state": "SA",
        "price": "2799",
        "price_per_unit": "280",
        "price_unit": "G"
      },
      {
        "state": "TAS",
        "price": "2799",
        "price_per_unit": "280",
        "price_unit": "G"
      },
      {
        "state": "ACT",
        "price": "2799",
        "price_per_unit": "280",
        "price_unit": "G"
      },
      {
        "state": "NT",
        "price": "2799",
        "price_per_unit": "280",
        "price_unit": "G"
      }
    ]
  },
  {
    "source_url": "https://www.woolworths.com.au/shop/productdetails/1074709777/orku-1kg-cooking-black-salt-himalayan-medium-grain-vegan-egg-kala-namak",
    "name": "Orku 1Kg Cooking Black Salt Himalayan - Medium Grain Vegan Egg Kala Namak",
    "image_url": "https://cdn1.woolworths.media/content/wowproductimages/large/1074709777.jpg",
    "source_id": "Woolworths - 1074709777",
    "barcode": null,
    "shop": "Woolworths",
    "weight": "10G",
    "prices": [
      {
        "state": "NSW",
        "price": "3999",
        "price_per_unit": "40",
        "price_unit": "G"
      },
      {
        "state": "VIC",
        "price": "3999",
        "price_per_unit": "40",
        "price_unit": "G"
      },
      {
        "state": "QLD",
        "price": "3999",
        "price_per_unit": "40",
        "price_unit": "G"
      },
      {
        "state": "WA",
        "price": "3999",
        "price_per_unit": "40",
        "price_unit": "G"
      },
      {
        "state": "SA",
        "price": "3999",
        "price_per_unit": "40",
        "price_unit": "G"
      },
      {
        "state": "TAS",
        "price": "3999",
        "price_per_unit": "40",
        "price_unit": "G"
      },
      {
        "state": "ACT",
        "price": "3999",
        "price_per_unit": "40",
        "price_unit": "G"
      },
      {
        "state": "NT",
        "price": "3999",
        "price_per_unit": "40",
        "price_unit": "G"
      }
    ]
  },
  {
    "source_url": "https://www.woolworths.com.au/shop/productdetails/1074709780/orku-1kg-fine-black-salt-himalayan-table-grain-vegan-edible-egg-kala-namak-bag",
    "name": "Orku 1Kg Fine Black Salt Himalayan - Table Grain Vegan Edible Egg Kala Namak Bag",
    "image_url": "https://cdn1.woolworths.media/content/wowproductimages/large/1074709780.jpg",
    "source_id": "Woolworths - 1074709780",
    "barcode": null,
    "shop": "Woolworths",
    "weight": "10G",
    "prices": [
      {
        "state": "NSW",
        "price": "3999",
        "price_per_unit": "40",
        "price_unit": "G"
      },
      {
        "state": "VIC",
        "price": "3999",
        "price_per_unit": "40",
        "price_unit": "G"
      },
      {
        "state": "QLD",
        "price": "3999",
        "price_per_unit": "40",
        "price_unit": "G"
      },
      {
        "state": "WA",
        "price": "3999",
        "price_per_unit": "40",
        "price_unit": "G"
      },
      {
        "state": "SA",
        "price": "3999",
        "price_per_unit": "40",
        "price_unit": "G"
      },
      {
        "state": "TAS",
        "price": "3999",
        "price_per_unit": "40",
        "price_unit": "G"
      },
      {
        "state": "ACT",
        "price": "3999",
        "price_per_unit": "40",
        "price_unit": "G"
      },
      {
        "state": "NT",
        "price": "3999",
        "price_per_unit": "40",
        "price_unit": "G"
      }
    ]
  },
  {
    "source_url": "https://www.woolworths.com.au/shop/productdetails/1074709963/orku-2kg-cooking-black-salt-himalayan-medium-grain-vegan-egg-kala-namak",
    "name": "Orku 2Kg Cooking Black Salt Himalayan - Medium Grain Vegan Egg Kala Namak",
    "image_url": "https://cdn1.woolworths.media/content/wowproductimages/large/1074709963.jpg",
    "source_id": "Woolworths - 1074709963",
    "barcode": null,
    "shop": "Woolworths",
    "weight": "10G",
    "prices": [
      {
        "state": "NSW",
        "price": "4299",
        "price_per_unit": "21",
        "price_unit": "G"
      },
      {
        "state": "VIC",
        "price": "4299",
        "price_per_unit": "21",
        "price_unit": "G"
      },
      {
        "state": "QLD",
        "price": "4299",
        "price_per_unit": "21",
        "price_unit": "G"
      },
      {
        "state": "WA",
        "price": "4299",
        "price_per_unit": "21",
        "price_unit": "G"
      },
      {
        "state": "SA",
        "price": "4299",
        "price_per_unit": "21",
        "price_unit": "G"
      },
      {
        "state": "TAS",
        "price": "4299",
        "price_per_unit": "21",
        "price_unit": "G"
      },
      {
        "state": "ACT",
        "price": "4299",
        "price_per_unit": "21",
        "price_unit": "G"
      },
      {
        "state": "NT",
        "price": "4299",
        "price_per_unit": "21",
        "price_unit": "G"
      }
    ]
  },
  {
    "source_url": "https://www.woolworths.com.au/shop/productdetails/1074709965/orku-2kg-fine-black-salt-himalayan-table-grain-vegan-edible-egg-kala-namak-bag",
    "name": "Orku 2Kg Fine Black Salt Himalayan - Table Grain Vegan Edible Egg Kala Namak Bag",
    "image_url": "https://cdn1.woolworths.media/content/wowproductimages/large/1074709965.jpg",
    "source_id": "Woolworths - 1074709965",
    "barcode": null,
    "shop": "Woolworths",
    "weight": "10G",
    "prices": [
      {
        "state": "NSW",
        "price": "4799",
        "price_per_unit": "24",
        "price_unit": "G"
      },
      {
        "state": "VIC",
        "price": "4799",
        "price_per_unit": "24",
        "price_unit": "G"
      },
      {
        "state": "QLD",
        "price": "4799",
        "price_per_unit": "24",
        "price_unit": "G"
      },
      {
        "state": "WA",
        "price": "4799",
        "price_per_unit": "24",
        "price_unit": "G"
      },
      {
        "state": "SA",
        "price": "4799",
        "price_per_unit": "24",
        "price_unit": "G"
      },
      {
        "state": "TAS",
        "price": "4799",
        "price_per_unit": "24",
        "price_unit": "G"
      },
      {
        "state": "ACT",
        "price": "4799",
        "price_per_unit": "24",
        "price_unit": "G"
      },
      {
        "state": "NT",
        "price": "4799",
        "price_per_unit": "24",
        "price_unit": "G"
      }
    ]
  },
  {
    "source_url": "https://www.woolworths.com.au/shop/productdetails/1074710206/orku-400g-cooking-black-salt-himalayan-medium-grain-vegan-egg-kala-namak",
    "name": "Orku 400g Cooking Black Salt Himalayan - Medium Grain Vegan Egg Kala Namak",
    "image_url": "https://cdn1.woolworths.media/content/wowproductimages/large/1074710206.jpg",
    "source_id": "Woolworths - 1074710206",
    "barcode": null,
    "shop": "Woolworths",
    "weight": "10G",
    "prices": [
      {
        "state": "NSW",
        "price": "2799",
        "price_per_unit": "70",
        "price_unit": "G"
      },
      {
        "state": "VIC",
        "price": "2799",
        "price_per_unit": "70",
        "price_unit": "G"
      },
      {
        "state": "QLD",
        "price": "2799",
        "price_per_unit": "70",
        "price_unit": "G"
      },
      {
        "state": "WA",
        "price": "2799",
        "price_per_unit": "70",
        "price_unit": "G"
      },
      {
        "state": "SA",
        "price": "2799",
        "price_per_unit": "70",
        "price_unit": "G"
      },
      {
        "state": "TAS",
        "price": "2799",
        "price_per_unit": "70",
        "price_unit": "G"
      },
      {
        "state": "ACT",
        "price": "2799",
        "price_per_unit": "70",
        "price_unit": "G"
      },
      {
        "state": "NT",
        "price": "2799",
        "price_per_unit": "70",
        "price_unit": "G"
      }
    ]
  },
  {
    "source_url": "https://www.woolworths.com.au/shop/productdetails/1074710218/orku-400g-fine-black-salt-himalayan-table-grain-vegan-edible-egg-kala-namak-bag",
    "name": "Orku 400g Fine Black Salt Himalayan - Table Grain Vegan Edible Egg Kala Namak Bag",
    "image_url": "https://cdn1.woolworths.media/content/wowproductimages/large/1074710218.jpg",
    "source_id": "Woolworths - 1074710218",
    "barcode": null,
    "shop": "Woolworths",
    "weight": "10G",
    "prices": [
      {
        "state": "NSW",
        "price": "3299",
        "price_per_unit": "82",
        "price_unit": "G"
      },
      {
        "state": "VIC",
        "price": "3299",
        "price_per_unit": "82",
        "price_unit": "G"
      },
      {
        "state": "QLD",
        "price": "3299",
        "price_per_unit": "82",
        "price_unit": "G"
      },
      {
        "state": "WA",
        "price": "3299",
        "price_per_unit": "82",
        "price_unit": "G"
      },
      {
        "state": "SA",
        "price": "3299",
        "price_per_unit": "82",
        "price_unit": "G"
      },
      {
        "state": "TAS",
        "price": "3299",
        "price_per_unit": "82",
        "price_unit": "G"
      },
      {
        "state": "ACT",
        "price": "3299",
        "price_per_unit": "82",
        "price_unit": "G"
      },
      {
        "state": "NT",
        "price": "3299",
        "price_per_unit": "82",
        "price_unit": "G"
      }
    ]
  },
  {
    "source_url": "https://www.woolworths.com.au/shop/productdetails/1074710535/orku-5kg-cooking-black-salt-himalayan-medium-grain-vegan-egg-kala-namak",
    "name": "Orku 5Kg Cooking Black Salt Himalayan - Medium Grain Vegan Egg Kala Namak",
    "image_url": "https://cdn1.woolworths.media/content/wowproductimages/large/1074710535.jpg",
    "source_id": "Woolworths - 1074710535",
    "barcode": null,
    "shop": "Woolworths",
    "weight": "10G",
    "prices": [
      {
        "state": "NSW",
        "price": "8299",
        "price_per_unit": "17",
        "price_unit": "G"
      },
      {
        "state": "VIC",
        "price": "8299",
        "price_per_unit": "17",
        "price_unit": "G"
      },
      {
        "state": "QLD",
        "price": "8299",
        "price_per_unit": "17",
        "price_unit": "G"
      },
      {
        "state": "WA",
        "price": "8299",
        "price_per_unit": "17",
        "price_unit": "G"
      },
      {
        "state": "SA",
        "price": "8299",
        "price_per_unit": "17",
        "price_unit": "G"
      },
      {
        "state": "TAS",
        "price": "8299",
        "price_per_unit": "17",
        "price_unit": "G"
      },
      {
        "state": "ACT",
        "price": "8299",
        "price_per_unit": "17",
        "price_unit": "G"
      },
      {
        "state": "NT",
        "price": "8299",
        "price_per_unit": "17",
        "price_unit": "G"
      }
    ]
  },
  {
    "source_url": "https://www.woolworths.com.au/shop/productdetails/1074710538/orku-5kg-fine-black-salt-himalayan-table-grain-vegan-edible-egg-kala-namak-bag",
    "name": "Orku 5Kg Fine Black Salt Himalayan - Table Grain Vegan Edible Egg Kala Namak Bag",
    "image_url": "https://cdn1.woolworths.media/content/wowproductimages/large/1074710538.jpg",
    "source_id": "Woolworths - 1074710538",
    "barcode": null,
    "shop": "Woolworths",
    "weight": "10G",
    "prices": [
      {
        "state": "NSW",
        "price": "8299",
        "price_per_unit": "17",
        "price_unit": "G"
      },
      {
        "state": "VIC",
        "price": "8299",
        "price_per_unit": "17",
        "price_unit": "G"
      },
      {
        "state": "QLD",
        "price": "8299",
        "price_per_unit": "17",
        "price_unit": "G"
      },
      {
        "state": "WA",
        "price": "8299",
        "price_per_unit": "17",
        "price_unit": "G"
      },
      {
        "state": "SA",
        "price": "8299",
        "price_per_unit": "17",
        "price_unit": "G"
      },
      {
        "state": "TAS",
        "price": "8299",
        "price_per_unit": "17",
        "price_unit": "G"
      },
      {
        "state": "ACT",
        "price": "8299",
        "price_per_unit": "17",
        "price_unit": "G"
      },
      {
        "state": "NT",
        "price": "8299",
        "price_per_unit": "17",
        "price_unit": "G"
      }
    ]
  },
  {
    "source_url": "https://www.woolworths.com.au/shop/productdetails/1074710786/orku-bulk-10kg-cooking-black-salt-himalayan-medium-grain-vegan-egg-kala-namak",
    "name": "Orku Bulk 10Kg Cooking Black Salt Himalayan - Medium Grain Vegan Egg Kala Namak",
    "image_url": "https://cdn1.woolworths.media/content/wowproductimages/large/1074710786.jpg",
    "source_id": "Woolworths - 1074710786",
    "barcode": null,
    "shop": "Woolworths",
    "weight": "10G",
    "prices": [
      {
        "state": "NSW",
        "price": "11999",
        "price_per_unit": "12",
        "price_unit": "G"
      },
      {
        "state": "VIC",
        "price": "11999",
        "price_per_unit": "12",
        "price_unit": "G"
      },
      {
        "state": "QLD",
        "price": "11999",
        "price_per_unit": "12",
        "price_unit": "G"
      },
      {
        "state": "WA",
        "price": "11999",
        "price_per_unit": "12",
        "price_unit": "G"
      },
      {
        "state": "SA",
        "price": "11999",
        "price_per_unit": "12",
        "price_unit": "G"
      },
      {
        "state": "TAS",
        "price": "11999",
        "price_per_unit": "12",
        "price_unit": "G"
      },
      {
        "state": "ACT",
        "price": "11999",
        "price_per_unit": "12",
        "price_unit": "G"
      },
      {
        "state": "NT",
        "price": "11999",
        "price_per_unit": "12",
        "price_unit": "G"
      }
    ]
  },
  {
    "source_url": "https://www.woolworths.com.au/shop/productdetails/1074710787/orku-bulk-10kg-fine-black-salt-himalayan-table-grain-vegan-edible-egg-kala-namak",
    "name": "Orku Bulk 10Kg Fine Black Salt Himalayan - Table Grain Vegan Edible Egg Kala Namak",
    "image_url": "https://cdn1.woolworths.media/content/wowproductimages/large/1074710787.jpg",
    "source_id": "Woolworths - 1074710787",
    "barcode": null,
    "shop": "Woolworths",
    "weight": "10G",
    "prices": [
      {
        "state": "NSW",
        "price": "11999",
        "price_per_unit": "12",
        "price_unit": "G"
      },
      {
        "state": "VIC",
        "price": "11999",
        "price_per_unit": "12",
        "price_unit": "G"
      },
      {
        "state": "QLD",
        "price": "11999",
        "price_per_unit": "12",
        "price_unit": "G"
      },
      {
        "state": "WA",
        "price": "11999",
        "price_per_unit": "12",
        "price_unit": "G"
      },
      {
        "state": "SA",
        "price": "11999",
        "price_per_unit": "12",
        "price_unit": "G"
      },
      {
        "state": "TAS",
        "price": "11999",
        "price_per_unit": "12",
        "price_unit": "G"
      },
      {
        "state": "ACT",
        "price": "11999",
        "price_per_unit": "12",
        "price_unit": "G"
      },
      {
        "state": "NT",
        "price": "11999",
        "price_per_unit": "12",
        "price_unit": "G"
      }
    ]
  },
  {
    "source_url": "https://www.woolworths.com.au/shop/productdetails/1074710830/orku-bulk-20kg-cooking-black-salt-himalayan-medium-grain-vegan-egg-kala-namak",
    "name": "Orku Bulk 20Kg Cooking Black Salt Himalayan - Medium Grain Vegan Egg Kala Namak",
    "image_url": "https://cdn1.woolworths.media/content/wowproductimages/large/1074710830.jpg",
    "source_id": "Woolworths - 1074710830",
    "barcode": null,
    "shop": "Woolworths",
    "weight": "10G",
    "prices": [
      {
        "state": "NSW",
        "price": "19999",
        "price_per_unit": "10",
        "price_unit": "G"
      },
      {
        "state": "VIC",
        "price": "19999",
        "price_per_unit": "10",
        "price_unit": "G"
      },
      {
        "state": "QLD",
        "price": "19999",
        "price_per_unit": "10",
        "price_unit": "G"
      },
      {
        "state": "WA",
        "price": "19999",
        "price_per_unit": "10",
        "price_unit": "G"
      },
      {
        "state": "SA",
        "price": "19999",
        "price_per_unit": "10",
        "price_unit": "G"
      },
      {
        "state": "TAS",
        "price": "19999",
        "price_per_unit": "10",
        "price_unit": "G"
      },
      {
        "state": "ACT",
        "price": "19999",
        "price_per_unit": "10",
        "price_unit": "G"
      },
      {
        "state": "NT",
        "price": "19999",
        "price_per_unit": "10",
        "price_unit": "G"
      }
    ]
  },
  {
    "source_url": "https://www.woolworths.com.au/shop/productdetails/1074755593/orku-bulk-20kg-fine-black-salt-himalayan-table-grain-vegan-edible-egg-kala-namak",
    "name": "Orku Bulk 20Kg Fine Black Salt Himalayan - Table Grain Vegan Edible Egg Kala Namak",
    "image_url": "https://cdn1.woolworths.media/content/wowproductimages/large/1074755593.jpg",
    "source_id": "Woolworths - 1074755593",
    "barcode": null,
    "shop": "Woolworths",
    "weight": "100G",
    "prices": [
      {
        "state": "NSW",
        "price": "19999",
        "price_per_unit": "100",
        "price_unit": "G"
      },
      {
        "state": "VIC",
        "price": "19999",
        "price_per_unit": "100",
        "price_unit": "G"
      },
      {
        "state": "QLD",
        "price": "19999",
        "price_per_unit": "100",
        "price_unit": "G"
      },
      {
        "state": "WA",
        "price": "19999",
        "price_per_unit": "100",
        "price_unit": "G"
      },
      {
        "state": "SA",
        "price": "19999",
        "price_per_unit": "100",
        "price_unit": "G"
      },
      {
        "state": "TAS",
        "price": "19999",
        "price_per_unit": "100",
        "price_unit": "G"
      },
      {
        "state": "ACT",
        "price": "19999",
        "price_per_unit": "100",
        "price_unit": "G"
      },
      {
        "state": "NT",
        "price": "19999",
        "price_per_unit": "100",
        "price_unit": "G"
      }
    ]
  },
  {
    "source_url": "https://www.woolworths.com.au/shop/productdetails/1074025898/rivsalt-premium-salt-rocks-selection-large-240g-3pc",
    "name": "Rivsalt Premium Salt Rocks Selection Large 240g 3pc",
    "image_url": "https://cdn1.woolworths.media/content/wowproductimages/large/1074025898.jpg",
    "source_id": "Woolworths - 1074025898",
    "barcode": null,
    "shop": "Woolworths",
    "weight": "1EA",
    "prices": [
      {
        "state": "NSW",
        "price": "3870",
        "price_per_unit": "3870",
        "price_unit": "EA"
      },
      {
        "state": "VIC",
        "price": "3870",
        "price_per_unit": "3870",
        "price_unit": "EA"
      },
      {
        "state": "QLD",
        "price": "3870",
        "price_per_unit": "3870",
        "price_unit": "EA"
      },
      {
        "state": "WA",
        "price": "3870",
        "price_per_unit": "3870",
        "price_unit": "EA"
      },
      {
        "state": "SA",
        "price": "3870",
        "price_per_unit": "3870",
        "price_unit": "EA"
      },
      {
        "state": "TAS",
        "price": "3870",
        "price_per_unit": "3870",
        "price_unit": "EA"
      },
      {
        "state": "ACT",
        "price": "3870",
        "price_per_unit": "3870",
        "price_unit": "EA"
      },
      {
        "state": "NT",
        "price": "3870",
        "price_per_unit": "3870",
        "price_unit": "EA"
      }
    ]
  },
  {
    "source_url": "https://www.woolworths.com.au/shop/productdetails/1075797676/salt-of-the-earth-coarse-celtic-sea-salt-250g",
    "name": "Salt Of The Earth Coarse Celtic Sea Salt 250g",
    "image_url": "https://cdn1.woolworths.media/content/wowproductimages/large/1075797676.jpg",
    "source_id": "Woolworths - 1075797676",
    "barcode": null,
    "shop": "Woolworths",
    "weight": "100G",
    "prices": [
      {
        "state": "NSW",
        "price": "715",
        "price_per_unit": "286",
        "price_unit": "G"
      },
      {
        "state": "VIC",
        "price": "715",
        "price_per_unit": "286",
        "price_unit": "G"
      },
      {
        "state": "QLD",
        "price": "715",
        "price_per_unit": "286",
        "price_unit": "G"
      },
      {
        "state": "WA",
        "price": "715",
        "price_per_unit": "286",
        "price_unit": "G"
      },
      {
        "state": "SA",
        "price": "715",
        "price_per_unit": "286",
        "price_unit": "G"
      },
      {
        "state": "TAS",
        "price": "715",
        "price_per_unit": "286",
        "price_unit": "G"
      },
      {
        "state": "ACT",
        "price": "715",
        "price_per_unit": "286",
        "price_unit": "G"
      },
      {
        "state": "NT",
        "price": "715",
        "price_per_unit": "286",
        "price_unit": "G"
      }
    ]
  },
  {
    "source_url": "https://www.woolworths.com.au/shop/productdetails/1075797690/salt-of-the-earth-coarse-celtic-sea-salt-650g",
    "name": "Salt Of The Earth Coarse Celtic Sea Salt 650g",
    "image_url": "https://cdn1.woolworths.media/content/wowproductimages/large/1075797690.jpg",
    "source_id": "Woolworths - 1075797690",
    "barcode": null,
    "shop": "Woolworths",
    "weight": "100G",
    "prices": [
      {
        "state": "NSW",
        "price": "1000",
        "price_per_unit": "154",
        "price_unit": "G"
      },
      {
        "state": "VIC",
        "price": "1000",
        "price_per_unit": "154",
        "price_unit": "G"
      },
      {
        "state": "QLD",
        "price": "1000",
        "price_per_unit": "154",
        "price_unit": "G"
      },
      {
        "state": "WA",
        "price": "1000",
        "price_per_unit": "154",
        "price_unit": "G"
      },
      {
        "state": "SA",
        "price": "1000",
        "price_per_unit": "154",
        "price_unit": "G"
      },
      {
        "state": "TAS",
        "price": "1000",
        "price_per_unit": "154",
        "price_unit": "G"
      },
      {
        "state": "ACT",
        "price": "1000",
        "price_per_unit": "154",
        "price_unit": "G"
      },
      {
        "state": "NT",
        "price": "1000",
        "price_per_unit": "154",
        "price_unit": "G"
      }
    ]
  },
  {
    "source_url": "https://www.woolworths.com.au/shop/productdetails/1075797760/salt-of-the-earth-fine-celtic-sea-salt-250g",
    "name": "Salt Of The Earth Fine Celtic Sea Salt 250g",
    "image_url": "https://cdn1.woolworths.media/content/wowproductimages/large/1075797760.jpg",
    "source_id": "Woolworths - 1075797760",
    "barcode": null,
    "shop": "Woolworths",
    "weight": "1EA",
    "prices": [
      {
        "state": "NSW",
        "price": "770",
        "price_per_unit": "128",
        "price_unit": "EA"
      },
      {
        "state": "VIC",
        "price": "770",
        "price_per_unit": "128",
        "price_unit": "EA"
      },
      {
        "state": "QLD",
        "price": "770",
        "price_per_unit": "128",
        "price_unit": "EA"
      },
      {
        "state": "WA",
        "price": "770",
        "price_per_unit": "128",
        "price_unit": "EA"
      },
      {
        "state": "SA",
        "price": "770",
        "price_per_unit": "128",
        "price_unit": "EA"
      },
      {
        "state": "TAS",
        "price": "770",
        "price_per_unit": "128",
        "price_unit": "EA"
      },
      {
        "state": "ACT",
        "price": "770",
        "price_per_unit": "128",
        "price_unit": "EA"
      },
      {
        "state": "NT",
        "price": "770",
        "price_per_unit": "128",
        "price_unit": "EA"
      }
    ]
  },
  {
    "source_url": "https://www.woolworths.com.au/shop/productdetails/1075797675/salt-of-the-earth-fine-celtic-sea-salt-650g",
    "name": "Salt Of The Earth Fine Celtic Sea Salt 650g",
    "image_url": "https://cdn1.woolworths.media/content/wowproductimages/large/1075797675.jpg",
    "source_id": "Woolworths - 1075797675",
    "barcode": null,
    "shop": "Woolworths",
    "weight": "1EA",
    "prices": [
      {
        "state": "NSW",
        "price": "1325",
        "price_per_unit": "221",
        "price_unit": "EA"
      },
      {
        "state": "VIC",
        "price": "1325",
        "price_per_unit": "221",
        "price_unit": "EA"
      },
      {
        "state": "QLD",
        "price": "1325",
        "price_per_unit": "221",
        "price_unit": "EA"
      },
      {
        "state": "WA",
        "price": "1325",
        "price_per_unit": "221",
        "price_unit": "EA"
      },
      {
        "state": "SA",
        "price": "1325",
        "price_per_unit": "221",
        "price_unit": "EA"
      },
      {
        "state": "TAS",
        "price": "1325",
        "price_per_unit": "221",
        "price_unit": "EA"
      },
      {
        "state": "ACT",
        "price": "1325",
        "price_per_unit": "221",
        "price_unit": "EA"
      },
      {
        "state": "NT",
        "price": "1325",
        "price_per_unit": "221",
        "price_unit": "EA"
      }
    ]
  },
  {
    "source_url": "https://www.woolworths.com.au/shop/productdetails/1075797670/salt-of-the-earth-low-temp-dried-coarse-celtic-sea-salt-250g",
    "name": "Salt Of The Earth Low Temp Dried Coarse Celtic Sea Salt 250g",
    "image_url": "https://cdn1.woolworths.media/content/wowproductimages/large/1075797670.jpg",
    "source_id": "Woolworths - 1075797670",
    "barcode": null,
    "shop": "Woolworths",
    "weight": "100G",
    "prices": [
      {
        "state": "NSW",
        "price": "770",
        "price_per_unit": "118",
        "price_unit": "G"
      },
      {
        "state": "VIC",
        "price": "770",
        "price_per_unit": "118",
        "price_unit": "G"
      },
      {
        "state": "QLD",
        "price": "770",
        "price_per_unit": "118",
        "price_unit": "G"
      },
      {
        "state": "WA",
        "price": "770",
        "price_per_unit": "118",
        "price_unit": "G"
      },
      {
        "state": "SA",
        "price": "770",
        "price_per_unit": "118",
        "price_unit": "G"
      },
      {
        "state": "TAS",
        "price": "770",
        "price_per_unit": "118",
        "price_unit": "G"
      },
      {
        "state": "ACT",
        "price": "770",
        "price_per_unit": "118",
        "price_unit": "G"
      },
      {
        "state": "NT",
        "price": "770",
        "price_per_unit": "118",
        "price_unit": "G"
      }
    ]
  },
  {
    "source_url": "https://www.woolworths.com.au/shop/productdetails/158306/saxa-black-peppercorn-pepper-grinder",
    "name": "Saxa Black Peppercorn Pepper Grinder 45g",
    "image_url": "https://cdn1.woolworths.media/content/wowproductimages/large/158306.jpg",
    "source_id": "Woolworths - 158306",
    "barcode": "93681650",
    "shop": "Woolworths",
    "weight": "10G",
    "prices": [
      {
        "state": "NSW",
        "price": "450",
        "price_per_unit": "100",
        "price_unit": "G"
      },
      {
        "state": "VIC",
        "price": "450",
        "price_per_unit": "100",
        "price_unit": "G"
      },
      {
        "state": "QLD",
        "price": "450",
        "price_per_unit": "100",
        "price_unit": "G"
      },
      {
        "state": "WA",
        "price": "450",
        "price_per_unit": "100",
        "price_unit": "G"
      },
      {
        "state": "SA",
        "price": "450",
        "price_per_unit": "100",
        "price_unit": "G"
      },
      {
        "state": "TAS",
        "price": "550",
        "price_per_unit": "122",
        "price_unit": "G"
      },
      {
        "state": "ACT",
        "price": "550",
        "price_per_unit": "122",
        "price_unit": "G"
      },
      {
        "state": "NT",
        "price": "580",
        "price_per_unit": "129",
        "price_unit": "G"
      }
    ]
  },
  {
    "source_url": "https://www.woolworths.com.au/shop/productdetails/1075975596/saxa-chicken-salt-gluten-free-3kg-bulk-carton",
    "name": "Saxa Chicken Salt Gluten Free 3kg Bulk Carton",
    "image_url": "https://cdn1.woolworths.media/content/wowproductimages/large/1075975596.jpg",
    "source_id": "Woolworths - 1075975596",
    "barcode": null,
    "shop": "Woolworths",
    "weight": "1EA",
    "prices": [
      {
        "state": "NSW",
        "price": "6995",
        "price_per_unit": "6995",
        "price_unit": "EA"
      },
      {
        "state": "VIC",
        "price": "6995",
        "price_per_unit": "6995",
        "price_unit": "EA"
      },
      {
        "state": "QLD",
        "price": "6995",
        "price_per_unit": "6995",
        "price_unit": "EA"
      },
      {
        "state": "WA",
        "price": "6995",
        "price_per_unit": "6995",
        "price_unit": "EA"
      },
      {
        "state": "SA",
        "price": "6995",
        "price_per_unit": "6995",
        "price_unit": "EA"
      },
      {
        "state": "TAS",
        "price": "6995",
        "price_per_unit": "6995",
        "price_unit": "EA"
      },
      {
        "state": "ACT",
        "price": "6995",
        "price_per_unit": "6995",
        "price_unit": "EA"
      },
      {
        "state": "NT",
        "price": "6995",
        "price_per_unit": "6995",
        "price_unit": "EA"
      }
    ]
  },
  {
    "source_url": "https://www.woolworths.com.au/shop/productdetails/142080/saxa-four-seasons-pepper-grinder-four-seasons",
    "name": "Saxa Four Seasons Pepper Grinder 35g",
    "image_url": "https://cdn1.woolworths.media/content/wowproductimages/large/142080.jpg",
    "source_id": "Woolworths - 142080",
    "barcode": "93681667",
    "shop": "Woolworths",
    "weight": "10G",
    "prices": [
      {
        "state": "NSW",
        "price": "450",
        "price_per_unit": "129",
        "price_unit": "G"
      },
      {
        "state": "VIC",
        "price": "450",
        "price_per_unit": "129",
        "price_unit": "G"
      },
      {
        "state": "QLD",
        "price": "450",
        "price_per_unit": "129",
        "price_unit": "G"
      },
      {
        "state": "WA",
        "price": "450",
        "price_per_unit": "129",
        "price_unit": "G"
      },
      {
        "state": "SA",
        "price": "450",
        "price_per_unit": "129",
        "price_unit": "G"
      },
      {
        "state": "TAS",
        "price": "550",
        "price_per_unit": "157",
        "price_unit": "G"
      },
      {
        "state": "ACT",
        "price": "550",
        "price_per_unit": "157",
        "price_unit": "G"
      },
      {
        "state": "NT",
        "price": "580",
        "price_per_unit": "166",
        "price_unit": "G"
      }
    ]
  },
  {
    "source_url": "https://www.woolworths.com.au/shop/productdetails/1075975592/saxa-iodised-cooking-salt-1kg-pack-5-bulk-carton",
    "name": "Saxa Iodised Cooking Salt 1kg Pack 5 Bulk Carton",
    "image_url": "https://cdn1.woolworths.media/content/wowproductimages/large/1075975592.jpg",
    "source_id": "Woolworths - 1075975592",
    "barcode": null,
    "shop": "Woolworths",
    "weight": "1EA",
    "prices": [
      {
        "state": "NSW",
        "price": "3995",
        "price_per_unit": "799",
        "price_unit": "EA"
      },
      {
        "state": "VIC",
        "price": "3995",
        "price_per_unit": "799",
        "price_unit": "EA"
      },
      {
        "state": "QLD",
        "price": "3995",
        "price_per_unit": "799",
        "price_unit": "EA"
      },
      {
        "state": "WA",
        "price": "3995",
        "price_per_unit": "799",
        "price_unit": "EA"
      },
      {
        "state": "SA",
        "price": "3995",
        "price_per_unit": "799",
        "price_unit": "EA"
      },
      {
        "state": "TAS",
        "price": "3995",
        "price_per_unit": "799",
        "price_unit": "EA"
      },
      {
        "state": "ACT",
        "price": "3995",
        "price_per_unit": "799",
        "price_unit": "EA"
      },
      {
        "state": "NT",
        "price": "3995",
        "price_per_unit": "799",
        "price_unit": "EA"
      }
    ]
  },
  {
    "source_url": "https://www.woolworths.com.au/shop/productdetails/33245/saxa-iodised-table-salt-shaker",
    "name": "Saxa Iodised Table Salt Shaker 750g",
    "image_url": "https://cdn1.woolworths.media/content/wowproductimages/large/033245.jpg",
    "source_id": "Woolworths - 33245",
    "barcode": "9310412099389",
    "shop": "Woolworths",
    "weight": "10G",
    "prices": [
      {
        "state": "NSW",
        "price": "450",
        "price_per_unit": "6",
        "price_unit": "G"
      },
      {
        "state": "VIC",
        "price": "450",
        "price_per_unit": "6",
        "price_unit": "G"
      },
      {
        "state": "QLD",
        "price": "450",
        "price_per_unit": "6",
        "price_unit": "G"
      },
      {
        "state": "WA",
        "price": "450",
        "price_per_unit": "6",
        "price_unit": "G"
      },
      {
        "state": "SA",
        "price": "450",
        "price_per_unit": "6",
        "price_unit": "G"
      },
      {
        "state": "TAS",
        "price": "450",
        "price_per_unit": "6",
        "price_unit": "G"
      },
      {
        "state": "ACT",
        "price": "450",
        "price_per_unit": "6",
        "price_unit": "G"
      },
      {
        "state": "NT",
        "price": "475",
        "price_per_unit": "6",
        "price_unit": "G"
      }
    ]
  },
  {
    "source_url": "https://www.woolworths.com.au/shop/productdetails/1075975593/saxa-natural-pink-himalayan-rock-salt-refill-500g-pack-6-bulk-carton",
    "name": "Saxa Natural Pink Himalayan Rock Salt Refill 500g Pack 6 Bulk Carton",
    "image_url": "https://cdn1.woolworths.media/content/wowproductimages/large/1075975593.jpg",
    "source_id": "Woolworths - 1075975593",
    "barcode": null,
    "shop": "Woolworths",
    "weight": "1EA",
    "prices": [
      {
        "state": "NSW",
        "price": "5995",
        "price_per_unit": "999",
        "price_unit": "EA"
      },
      {
        "state": "VIC",
        "price": "5995",
        "price_per_unit": "999",
        "price_unit": "EA"
      },
      {
        "state": "QLD",
        "price": "5995",
        "price_per_unit": "999",
        "price_unit": "EA"
      },
      {
        "state": "WA",
        "price": "5995",
        "price_per_unit": "999",
        "price_unit": "EA"
      },
      {
        "state": "SA",
        "price": "5995",
        "price_per_unit": "999",
        "price_unit": "EA"
      },
      {
        "state": "TAS",
        "price": "5995",
        "price_per_unit": "999",
        "price_unit": "EA"
      },
      {
        "state": "ACT",
        "price": "5995",
        "price_per_unit": "999",
        "price_unit": "EA"
      },
      {
        "state": "NT",
        "price": "5995",
        "price_per_unit": "999",
        "price_unit": "EA"
      }
    ]
  },
  {
    "source_url": "https://www.woolworths.com.au/shop/productdetails/1075975591/saxa-natural-rock-salt-refill-500g-pack-6-bulk-carton",
    "name": "Saxa Natural Rock Salt Refill 500g Pack 6 Bulk Carton",
    "image_url": "https://cdn1.woolworths.media/content/wowproductimages/large/1075975591.jpg",
    "source_id": "Woolworths - 1075975591",
    "barcode": null,
    "shop": "Woolworths",
    "weight": "1EA",
    "prices": [
      {
        "state": "NSW",
        "price": "3995",
        "price_per_unit": "666",
        "price_unit": "EA"
      },
      {
        "state": "VIC",
        "price": "3995",
        "price_per_unit": "666",
        "price_unit": "EA"
      },
      {
        "state": "QLD",
        "price": "3995",
        "price_per_unit": "666",
        "price_unit": "EA"
      },
      {
        "state": "WA",
        "price": "3995",
        "price_per_unit": "666",
        "price_unit": "EA"
      },
      {
        "state": "SA",
        "price": "3995",
        "price_per_unit": "666",
        "price_unit": "EA"
      },
      {
        "state": "TAS",
        "price": "3995",
        "price_per_unit": "666",
        "price_unit": "EA"
      },
      {
        "state": "ACT",
        "price": "3995",
        "price_per_unit": "666",
        "price_unit": "EA"
      },
      {
        "state": "NT",
        "price": "3995",
        "price_per_unit": "666",
        "price_unit": "EA"
      }
    ]
  },
  {
    "source_url": "https://www.woolworths.com.au/shop/productdetails/1075975594/saxa-natural-salt-traditional-cooking-seasoning-australian-2kg-pack-4-bulk-carton",
    "name": "Saxa Natural Salt Traditional Cooking Seasoning Australian 2kg Pack 4 Bulk Carton",
    "image_url": "https://cdn1.woolworths.media/content/wowproductimages/large/1075975594.jpg",
    "source_id": "Woolworths - 1075975594",
    "barcode": null,
    "shop": "Woolworths",
    "weight": "1EA",
    "prices": [
      {
        "state": "NSW",
        "price": "5495",
        "price_per_unit": "1374",
        "price_unit": "EA"
      },
      {
        "state": "VIC",
        "price": "5495",
        "price_per_unit": "1374",
        "price_unit": "EA"
      },
      {
        "state": "QLD",
        "price": "5495",
        "price_per_unit": "1374",
        "price_unit": "EA"
      },
      {
        "state": "WA",
        "price": "5495",
        "price_per_unit": "1374",
        "price_unit": "EA"
      },
      {
        "state": "SA",
        "price": "5495",
        "price_per_unit": "1374",
        "price_unit": "EA"
      },
      {
        "state": "TAS",
        "price": "5495",
        "price_per_unit": "1374",
        "price_unit": "EA"
      },
      {
        "state": "ACT",
        "price": "5495",
        "price_per_unit": "1374",
        "price_unit": "EA"
      },
      {
        "state": "NT",
        "price": "5495",
        "price_per_unit": "1374",
        "price_unit": "EA"
      }
    ]
  },
  {
    "source_url": "https://www.woolworths.com.au/shop/productdetails/1075975595/saxa-natural-table-salt-10kg-bulk-bag",
    "name": "Saxa Natural Table Salt 10kg Bulk Bag",
    "image_url": "https://cdn1.woolworths.media/content/wowproductimages/large/1075975595.jpg",
    "source_id": "Woolworths - 1075975595",
    "barcode": null,
    "shop": "Woolworths",
    "weight": "1EA",
    "prices": [
      {
        "state": "NSW",
        "price": "7995",
        "price_per_unit": "7995",
        "price_unit": "EA"
      },
      {
        "state": "VIC",
        "price": "7995",
        "price_per_unit": "7995",
        "price_unit": "EA"
      },
      {
        "state": "QLD",
        "price": "7995",
        "price_per_unit": "7995",
        "price_unit": "EA"
      },
      {
        "state": "WA",
        "price": "7995",
        "price_per_unit": "7995",
        "price_unit": "EA"
      },
      {
        "state": "SA",
        "price": "7995",
        "price_per_unit": "7995",
        "price_unit": "EA"
      },
      {
        "state": "TAS",
        "price": "7995",
        "price_per_unit": "7995",
        "price_unit": "EA"
      },
      {
        "state": "ACT",
        "price": "7995",
        "price_per_unit": "7995",
        "price_unit": "EA"
      },
      {
        "state": "NT",
        "price": "7995",
        "price_per_unit": "7995",
        "price_unit": "EA"
      }
    ]
  },
  {
    "source_url": "https://www.woolworths.com.au/shop/productdetails/33246/saxa-table-salt-drum-plain",
    "name": "Saxa Table Salt Drum 750g",
    "image_url": "https://cdn1.woolworths.media/content/wowproductimages/large/033246.jpg",
    "source_id": "Woolworths - 33246",
    "barcode": "9310412099143",
    "shop": "Woolworths",
    "weight": "10G",
    "prices": [
      {
        "state": "NSW",
        "price": "450",
        "price_per_unit": "6",
        "price_unit": "G"
      },
      {
        "state": "VIC",
        "price": "450",
        "price_per_unit": "6",
        "price_unit": "G"
      },
      {
        "state": "QLD",
        "price": "450",
        "price_per_unit": "6",
        "price_unit": "G"
      },
      {
        "state": "WA",
        "price": "450",
        "price_per_unit": "6",
        "price_unit": "G"
      },
      {
        "state": "SA",
        "price": "450",
        "price_per_unit": "6",
        "price_unit": "G"
      },
      {
        "state": "TAS",
        "price": "450",
        "price_per_unit": "6",
        "price_unit": "G"
      },
      {
        "state": "ACT",
        "price": "450",
        "price_per_unit": "6",
        "price_unit": "G"
      },
      {
        "state": "NT",
        "price": "475",
        "price_per_unit": "6",
        "price_unit": "G"
      }
    ]
  },
  {
    "source_url": "https://www.woolworths.com.au/shop/productdetails/1074711932/the-himalayan-salt-collective-12x-1kg-coarse-himalayan-pink-rock-salt-bath-cooking-grinder-crystals-bulk",
    "name": "The Himalayan Salt Collective 12x 1Kg Coarse Himalayan Pink Rock Salt - Bath Cooking Grinder Crystals Bulk",
    "image_url": "https://cdn1.woolworths.media/content/wowproductimages/large/1074711932.jpg",
    "source_id": "Woolworths - 1074711932",
    "barcode": null,
    "shop": "Woolworths",
    "weight": "10G",
    "prices": [
      {
        "state": "NSW",
        "price": "16999",
        "price_per_unit": "14",
        "price_unit": "G"
      },
      {
        "state": "VIC",
        "price": "16999",
        "price_per_unit": "14",
        "price_unit": "G"
      },
      {
        "state": "QLD",
        "price": "16999",
        "price_per_unit": "14",
        "price_unit": "G"
      },
      {
        "state": "WA",
        "price": "16999",
        "price_per_unit": "14",
        "price_unit": "G"
      },
      {
        "state": "SA",
        "price": "16999",
        "price_per_unit": "14",
        "price_unit": "G"
      },
      {
        "state": "TAS",
        "price": "16999",
        "price_per_unit": "14",
        "price_unit": "G"
      },
      {
        "state": "NT",
        "price": "16999",
        "price_per_unit": "14",
        "price_unit": "G"
      }
    ]
  },
  {
    "source_url": "https://www.woolworths.com.au/shop/productdetails/1074711931/the-himalayan-salt-collective-1kg-coarse-himalayan-pink-rock-salt-bath-cooking-grinder-natural-crystals",
    "name": "The Himalayan Salt Collective 1Kg Coarse Himalayan Pink Rock Salt - Bath Cooking Grinder Natural Crystals",
    "image_url": "https://cdn1.woolworths.media/content/wowproductimages/large/1074711931.jpg",
    "source_id": "Woolworths - 1074711931",
    "barcode": null,
    "shop": "Woolworths",
    "weight": "10G",
    "prices": [
      {
        "state": "NSW",
        "price": "3899",
        "price_per_unit": "39",
        "price_unit": "G"
      },
      {
        "state": "VIC",
        "price": "3899",
        "price_per_unit": "39",
        "price_unit": "G"
      },
      {
        "state": "QLD",
        "price": "3899",
        "price_per_unit": "39",
        "price_unit": "G"
      },
      {
        "state": "WA",
        "price": "3899",
        "price_per_unit": "39",
        "price_unit": "G"
      },
      {
        "state": "SA",
        "price": "3899",
        "price_per_unit": "39",
        "price_unit": "G"
      },
      {
        "state": "TAS",
        "price": "3899",
        "price_per_unit": "39",
        "price_unit": "G"
      },
      {
        "state": "NT",
        "price": "3899",
        "price_per_unit": "39",
        "price_unit": "G"
      }
    ]
  },
  {
    "source_url": "https://www.woolworths.com.au/shop/productdetails/1073958717/tweed-real-food-chicken-and-chips-salt-180g",
    "name": "Tweed Real Food Chicken and Chips Salt 180g",
    "image_url": "https://cdn1.woolworths.media/content/wowproductimages/large/1073958717.jpg",
    "source_id": "Woolworths - 1073958717",
    "barcode": null,
    "shop": "Woolworths",
    "weight": "100G",
    "prices": [
      {
        "state": "NSW",
        "price": "3095",
        "price_per_unit": "1719",
        "price_unit": "G"
      },
      {
        "state": "VIC",
        "price": "3095",
        "price_per_unit": "1719",
        "price_unit": "G"
      },
      {
        "state": "QLD",
        "price": "3095",
        "price_per_unit": "1719",
        "price_unit": "G"
      },
      {
        "state": "WA",
        "price": "3095",
        "price_per_unit": "1719",
        "price_unit": "G"
      },
      {
        "state": "SA",
        "price": "3095",
        "price_per_unit": "1719",
        "price_unit": "G"
      },
      {
        "state": "TAS",
        "price": "3095",
        "price_per_unit": "1719",
        "price_unit": "G"
      },
      {
        "state": "ACT",
        "price": "3095",
        "price_per_unit": "1719",
        "price_unit": "G"
      },
      {
        "state": "NT",
        "price": "3095",
        "price_per_unit": "1719",
        "price_unit": "G"
      }
    ]
  },
  {
    "source_url": "https://www.woolworths.com.au/shop/productdetails/1073958718/tweed-real-food-lime-and-pepper-grinder-salt-210g",
    "name": "Tweed Real Food Lime and Pepper Grinder Salt 210g",
    "image_url": "https://cdn1.woolworths.media/content/wowproductimages/large/1073958718.jpg",
    "source_id": "Woolworths - 1073958718",
    "barcode": null,
    "shop": "Woolworths",
    "weight": "100G",
    "prices": [
      {
        "state": "NSW",
        "price": "3095",
        "price_per_unit": "1474",
        "price_unit": "G"
      },
      {
        "state": "VIC",
        "price": "3095",
        "price_per_unit": "1474",
        "price_unit": "G"
      },
      {
        "state": "QLD",
        "price": "3095",
        "price_per_unit": "1474",
        "price_unit": "G"
      },
      {
        "state": "WA",
        "price": "3095",
        "price_per_unit": "1474",
        "price_unit": "G"
      },
      {
        "state": "SA",
        "price": "3095",
        "price_per_unit": "1474",
        "price_unit": "G"
      },
      {
        "state": "TAS",
        "price": "3095",
        "price_per_unit": "1474",
        "price_unit": "G"
      },
      {
        "state": "ACT",
        "price": "3095",
        "price_per_unit": "1474",
        "price_unit": "G"
      },
      {
        "state": "NT",
        "price": "3095",
        "price_per_unit": "1474",
        "price_unit": "G"
      }
    ]
  },
  {
    "source_url": "https://www.woolworths.com.au/shop/productdetails/1073958719/tweed-real-food-wild-porcini-salt-180g",
    "name": "Tweed Real Food Wild Porcini Salt 180g",
    "image_url": "https://cdn1.woolworths.media/content/wowproductimages/large/1073958719.jpg",
    "source_id": "Woolworths - 1073958719",
    "barcode": null,
    "shop": "Woolworths",
    "weight": "100G",
    "prices": [
      {
        "state": "NSW",
        "price": "3095",
        "price_per_unit": "1719",
        "price_unit": "G"
      },
      {
        "state": "VIC",
        "price": "3095",
        "price_per_unit": "1719",
        "price_unit": "G"
      },
      {
        "state": "QLD",
        "price": "3095",
        "price_per_unit": "1719",
        "price_unit": "G"
      },
      {
        "state": "WA",
        "price": "3095",
        "price_per_unit": "1719",
        "price_unit": "G"
      },
      {
        "state": "SA",
        "price": "3095",
        "price_per_unit": "1719",
        "price_unit": "G"
      },
      {
        "state": "TAS",
        "price": "3095",
        "price_per_unit": "1719",
        "price_unit": "G"
      },
      {
        "state": "ACT",
        "price": "3095",
        "price_per_unit": "1719",
        "price_unit": "G"
      },
      {
        "state": "NT",
        "price": "3095",
        "price_per_unit": "1719",
        "price_unit": "G"
      }
    ]
  },
  {
    "source_url": "https://www.woolworths.com.au/shop/productdetails/345832/woolworths-black-peppercorn-refillable-grinder",
    "name": "Woolworths Black Peppercorn Refillable Grinder 124g",
    "image_url": "https://cdn1.woolworths.media/content/wowproductimages/large/345832.jpg",
    "source_id": "Woolworths - 345832",
    "barcode": "9339687349487",
    "shop": "Woolworths",
    "weight": "10G",
    "prices": [
      {
        "state": "NSW",
        "price": "650",
        "price_per_unit": "52",
        "price_unit": "G"
      },
      {
        "state": "VIC",
        "price": "650",
        "price_per_unit": "52",
        "price_unit": "G"
      },
      {
        "state": "QLD",
        "price": "650",
        "price_per_unit": "52",
        "price_unit": "G"
      },
      {
        "state": "WA",
        "price": "650",
        "price_per_unit": "52",
        "price_unit": "G"
      },
      {
        "state": "TAS",
        "price": "650",
        "price_per_unit": "52",
        "price_unit": "G"
      },
      {
        "state": "ACT",
        "price": "650",
        "price_per_unit": "52",
        "price_unit": "G"
      },
      {
        "state": "NT",
        "price": "650",
        "price_per_unit": "52",
        "price_unit": "G"
      }
    ]
  },
  {
    "source_url": "https://www.woolworths.com.au/shop/productdetails/476442/woolworths-himalayan-pink-fine-table-salt",
    "name": "Woolworths Himalayan Pink Fine Table Salt 1kg",
    "image_url": "https://cdn1.woolworths.media/content/wowproductimages/large/476442.jpg",
    "source_id": "Woolworths - 476442",
    "barcode": "9300633584481",
    "shop": "Woolworths",
    "weight": "10G",
    "prices": [
      {
        "state": "NSW",
        "price": "400",
        "price_per_unit": "4",
        "price_unit": "G"
      },
      {
        "state": "VIC",
        "price": "400",
        "price_per_unit": "4",
        "price_unit": "G"
      },
      {
        "state": "TAS",
        "price": "400",
        "price_per_unit": "4",
        "price_unit": "G"
      },
      {
        "state": "ACT",
        "price": "400",
        "price_per_unit": "4",
        "price_unit": "G"
      },
      {
        "state": "NT",
        "price": "400",
        "price_per_unit": "4",
        "price_unit": "G"
      }
    ]
  },
  {
    "source_url": "https://www.woolworths.com.au/shop/productdetails/345824/woolworths-himalayan-pink-salt-refillable-grinder",
    "name": "Woolworths Himalayan Pink Salt Refillable Grinder 250g",
    "image_url": "https://cdn1.woolworths.media/content/wowproductimages/large/345824.jpg",
    "source_id": "Woolworths - 345824",
    "barcode": "9339687349463",
    "shop": "Woolworths",
    "weight": "10G",
    "prices": [
      {
        "state": "NSW",
        "price": "650",
        "price_per_unit": "26",
        "price_unit": "G"
      },
      {
        "state": "VIC",
        "price": "650",
        "price_per_unit": "26",
        "price_unit": "G"
      },
      {
        "state": "TAS",
        "price": "650",
        "price_per_unit": "26",
        "price_unit": "G"
      },
      {
        "state": "ACT",
        "price": "650",
        "price_per_unit": "26",
        "price_unit": "G"
      },
      {
        "state": "NT",
        "price": "650",
        "price_per_unit": "26",
        "price_unit": "G"
      }
    ]
  },
  {
    "source_url": "https://www.woolworths.com.au/shop/productdetails/334639/woolworths-pepper-grinder-black-peppercorn",
    "name": "Woolworths Pepper Grinder Black Peppercorn 50g",
    "image_url": "https://cdn1.woolworths.media/content/wowproductimages/large/334639.jpg",
    "source_id": "Woolworths - 334639",
    "barcode": "9300633999544",
    "shop": "Woolworths",
    "weight": "10G",
    "prices": [
      {
        "state": "NSW",
        "price": "400",
        "price_per_unit": "80",
        "price_unit": "G"
      },
      {
        "state": "VIC",
        "price": "400",
        "price_per_unit": "80",
        "price_unit": "G"
      },
      {
        "state": "TAS",
        "price": "400",
        "price_per_unit": "80",
        "price_unit": "G"
      },
      {
        "state": "NT",
        "price": "400",
        "price_per_unit": "80",
        "price_unit": "G"
      }
    ]
  },
  {
    "source_url": "https://www.woolworths.com.au/shop/productdetails/887994/woolworths-pink-himalayan-salt-grinder",
    "name": "Woolworths Pink Himalayan Salt Grinder 110g",
    "image_url": "https://cdn1.woolworths.media/content/wowproductimages/large/887994.jpg",
    "source_id": "Woolworths - 887994",
    "barcode": "9300633557065",
    "shop": "Woolworths",
    "weight": "10G",
    "prices": [
      {
        "state": "NSW",
        "price": "360",
        "price_per_unit": "33",
        "price_unit": "G"
      },
      {
        "state": "VIC",
        "price": "360",
        "price_per_unit": "33",
        "price_unit": "G"
      },
      {
        "state": "TAS",
        "price": "360",
        "price_per_unit": "33",
        "price_unit": "G"
      },
      {
        "state": "NT",
        "price": "360",
        "price_per_unit": "33",
        "price_unit": "G"
      }
    ]
  },
  {
    "source_url": "https://www.woolworths.com.au/shop/productdetails/887995/woolworths-sea-salt-grinder",
    "name": "Woolworths Sea Salt Grinder 110g",
    "image_url": "https://cdn1.woolworths.media/content/wowproductimages/large/887995.jpg",
    "source_id": "Woolworths - 887995",
    "barcode": "9300633557072",
    "shop": "Woolworths",
    "weight": "10G",
    "prices": [
      {
        "state": "NSW",
        "price": "400",
        "price_per_unit": "36",
        "price_unit": "G"
      },
      {
        "state": "VIC",
        "price": "400",
        "price_per_unit": "36",
        "price_unit": "G"
      },
      {
        "state": "TAS",
        "price": "400",
        "price_per_unit": "36",
        "price_unit": "G"
      },
      {
        "state": "NT",
        "price": "400",
        "price_per_unit": "36",
        "price_unit": "G"
      }
    ]
  },
  {
    "source_url": "https://www.woolworths.com.au/shop/productdetails/345716/woolworths-sea-salt-refillable-grinder",
    "name": "Woolworths Sea Salt Refillable Grinder 250g",
    "image_url": "https://cdn1.woolworths.media/content/wowproductimages/large/345716.jpg",
    "source_id": "Woolworths - 345716",
    "barcode": "9339687349500",
    "shop": "Woolworths",
    "weight": "10G",
    "prices": [
      {
        "state": "NSW",
        "price": "650",
        "price_per_unit": "26",
        "price_unit": "G"
      },
      {
        "state": "VIC",
        "price": "650",
        "price_per_unit": "26",
        "price_unit": "G"
      },
      {
        "state": "TAS",
        "price": "650",
        "price_per_unit": "26",
        "price_unit": "G"
      },
      {
        "state": "NT",
        "price": "650",
        "price_per_unit": "26",
        "price_unit": "G"
      }
    ]
  },
  {
    "source_url": "https://www.woolworths.com.au/shop/productdetails/58576/always-fresh-green-peppercorns",
    "name": "Always Fresh Green Peppercorns 100g",
    "image_url": "https://cdn1.woolworths.media/content/wowproductimages/large/058576.jpg",
    "source_id": "Woolworths - 58576",
    "barcode": "9300602363758",
    "shop": "Woolworths",
    "weight": "10G",
    "prices": [
      {
        "state": "VIC",
        "price": "350",
        "price_per_unit": "35",
        "price_unit": "G"
      },
      {
        "state": "QLD",
        "price": "350",
        "price_per_unit": "35",
        "price_unit": "G"
      },
      {
        "state": "WA",
        "price": "350",
        "price_per_unit": "35",
        "price_unit": "G"
      },
      {
        "state": "SA",
        "price": "350",
        "price_per_unit": "35",
        "price_unit": "G"
      },
      {
        "state": "TAS",
        "price": "350",
        "price_per_unit": "35",
        "price_unit": "G"
      },
      {
        "state": "ACT",
        "price": "350",
        "price_per_unit": "35",
        "price_unit": "G"
      },
      {
        "state": "NT",
        "price": "365",
        "price_per_unit": "37",
        "price_unit": "G"
      }
    ]
  },
  {
    "source_url": "https://www.woolworths.com.au/shop/productdetails/85821/cornish-salt-co-sea-salt-flakes",
    "name": "Cornish Salt Co Sea Salt Flakes 150g",
    "image_url": "https://cdn1.woolworths.media/content/wowproductimages/large/085821.jpg",
    "source_id": "Woolworths - 85821",
    "barcode": "5060155200132",
    "shop": "Woolworths",
    "weight": "10G",
    "prices": [
      {
        "state": "VIC",
        "price": "550",
        "price_per_unit": "37",
        "price_unit": "G"
      },
      {
        "state": "QLD",
        "price": "550",
        "price_per_unit": "37",
        "price_unit": "G"
      },
      {
        "state": "WA",
        "price": "550",
        "price_per_unit": "37",
        "price_unit": "G"
      },
      {
        "state": "SA",
        "price": "550",
        "price_per_unit": "37",
        "price_unit": "G"
      },
      {
        "state": "TAS",
        "price": "550",
        "price_per_unit": "37",
        "price_unit": "G"
      },
      {
        "state": "ACT",
        "price": "550",
        "price_per_unit": "37",
        "price_unit": "G"
      },
      {
        "state": "NT",
        "price": "580",
        "price_per_unit": "39",
        "price_unit": "G"
      }
    ]
  },
  {
    "source_url": "https://www.woolworths.com.au/shop/productdetails/758501/essentials-iodised-salt",
    "name": "Essentials Iodised Salt 1kg",
    "image_url": "https://cdn1.woolworths.media/content/wowproductimages/large/758501.jpg",
    "source_id": "Woolworths - 758501",
    "barcode": "9300633423209",
    "shop": "Woolworths",
    "weight": "10G",
    "prices": [
      {
        "state": "VIC",
        "price": "295",
        "price_per_unit": "3",
        "price_unit": "G"
      },
      {
        "state": "QLD",
        "price": "295",
        "price_per_unit": "3",
        "price_unit": "G"
      },
      {
        "state": "WA",
        "price": "295",
        "price_per_unit": "3",
        "price_unit": "G"
      },
      {
        "state": "SA",
        "price": "295",
        "price_per_unit": "3",
        "price_unit": "G"
      },
      {
        "state": "TAS",
        "price": "295",
        "price_per_unit": "3",
        "price_unit": "G"
      },
      {
        "state": "ACT",
        "price": "295",
        "price_per_unit": "3",
        "price_unit": "G"
      },
      {
        "state": "NT",
        "price": "310",
        "price_per_unit": "3",
        "price_unit": "G"
      }
    ]
  },
  {
    "source_url": "https://www.woolworths.com.au/shop/productdetails/56866/health-rite-vegetable-salt",
    "name": "Health Rite Vegetable Salt 250g",
    "image_url": "https://cdn1.woolworths.media/content/wowproductimages/large/056866.jpg",
    "source_id": "Woolworths - 56866",
    "barcode": "9310665009104",
    "shop": "Woolworths",
    "weight": "10G",
    "prices": [
      {
        "state": "VIC",
        "price": "300",
        "price_per_unit": "12",
        "price_unit": "G"
      },
      {
        "state": "QLD",
        "price": "300",
        "price_per_unit": "12",
        "price_unit": "G"
      },
      {
        "state": "WA",
        "price": "300",
        "price_per_unit": "12",
        "price_unit": "G"
      },
      {
        "state": "SA",
        "price": "300",
        "price_per_unit": "12",
        "price_unit": "G"
      },
      {
        "state": "TAS",
        "price": "300",
        "price_per_unit": "12",
        "price_unit": "G"
      },
      {
        "state": "ACT",
        "price": "300",
        "price_per_unit": "12",
        "price_unit": "G"
      },
      {
        "state": "NT",
        "price": "315",
        "price_per_unit": "13",
        "price_unit": "G"
      }
    ]
  },
  {
    "source_url": "https://www.woolworths.com.au/shop/productdetails/262729/heart-salt-chicken-salt",
    "name": "Heart Salt Chicken Salt 130g",
    "image_url": "https://cdn1.woolworths.media/content/wowproductimages/large/262729.jpg",
    "source_id": "Woolworths - 262729",
    "barcode": "9349754000975",
    "shop": "Woolworths",
    "weight": "10G",
    "prices": [
      {
        "state": "VIC",
        "price": "270",
        "price_per_unit": "21",
        "price_unit": "G"
      },
      {
        "state": "QLD",
        "price": "270",
        "price_per_unit": "21",
        "price_unit": "G"
      },
      {
        "state": "WA",
        "price": "270",
        "price_per_unit": "21",
        "price_unit": "G"
      },
      {
        "state": "SA",
        "price": "270",
        "price_per_unit": "21",
        "price_unit": "G"
      },
      {
        "state": "TAS",
        "price": "300",
        "price_per_unit": "23",
        "price_unit": "G"
      },
      {
        "state": "ACT",
        "price": "300",
        "price_per_unit": "23",
        "price_unit": "G"
      },
      {
        "state": "NT",
        "price": "315",
        "price_per_unit": "24",
        "price_unit": "G"
      }
    ]
  },
  {
    "source_url": "https://www.woolworths.com.au/shop/productdetails/262816/heart-salt-table-salt",
    "name": "Heart Salt Table Salt 150g",
    "image_url": "https://cdn1.woolworths.media/content/wowproductimages/large/262816.jpg",
    "source_id": "Woolworths - 262816",
    "barcode": "9349754000968",
    "shop": "Woolworths",
    "weight": "10G",
    "prices": [
      {
        "state": "VIC",
        "price": "270",
        "price_per_unit": "18",
        "price_unit": "G"
      },
      {
        "state": "QLD",
        "price": "270",
        "price_per_unit": "18",
        "price_unit": "G"
      },
      {
        "state": "WA",
        "price": "270",
        "price_per_unit": "18",
        "price_unit": "G"
      },
      {
        "state": "SA",
        "price": "270",
        "price_per_unit": "18",
        "price_unit": "G"
      },
      {
        "state": "TAS",
        "price": "300",
        "price_per_unit": "20",
        "price_unit": "G"
      },
      {
        "state": "ACT",
        "price": "300",
        "price_per_unit": "20",
        "price_unit": "G"
      },
      {
        "state": "NT",
        "price": "315",
        "price_per_unit": "21",
        "price_unit": "G"
      }
    ]
  },
  {
    "source_url": "https://www.woolworths.com.au/shop/productdetails/12344/masterfoods-chicken-salt",
    "name": "MasterFoods Chicken Salt 200g",
    "image_url": "https://cdn1.woolworths.media/content/wowproductimages/large/012344.jpg",
    "source_id": "Woolworths - 12344",
    "barcode": "93782463",
    "shop": "Woolworths",
    "weight": "10G",
    "prices": [
      {
        "state": "VIC",
        "price": "450",
        "price_per_unit": "23",
        "price_unit": "G"
      },
      {
        "state": "QLD",
        "price": "450",
        "price_per_unit": "23",
        "price_unit": "G"
      },
      {
        "state": "WA",
        "price": "450",
        "price_per_unit": "23",
        "price_unit": "G"
      },
      {
        "state": "SA",
        "price": "650",
        "price_per_unit": "33",
        "price_unit": "G"
      },
      {
        "state": "TAS",
        "price": "650",
        "price_per_unit": "33",
        "price_unit": "G"
      },
      {
        "state": "ACT",
        "price": "450",
        "price_per_unit": "23",
        "price_unit": "G"
      },
      {
        "state": "NT",
        "price": "450",
        "price_per_unit": "23",
        "price_unit": "G"
      }
    ]
  },
  {
    "source_url": "https://www.woolworths.com.au/shop/productdetails/111359/mckenzie-s-himalayan-pink-rock-salt",
    "name": "McKenzie's Himalayan Pink Rock Salt 410g",
    "image_url": "https://cdn1.woolworths.media/content/wowproductimages/large/111359.jpg",
    "source_id": "Woolworths - 111359",
    "barcode": "9310061124883",
    "shop": "Woolworths",
    "weight": "10G",
    "prices": [
      {
        "state": "VIC",
        "price": "850",
        "price_per_unit": "21",
        "price_unit": "G"
      },
      {
        "state": "QLD",
        "price": "850",
        "price_per_unit": "21",
        "price_unit": "G"
      },
      {
        "state": "WA",
        "price": "850",
        "price_per_unit": "21",
        "price_unit": "G"
      },
      {
        "state": "SA",
        "price": "850",
        "price_per_unit": "21",
        "price_unit": "G"
      },
      {
        "state": "TAS",
        "price": "750",
        "price_per_unit": "18",
        "price_unit": "G"
      },
      {
        "state": "ACT",
        "price": "750",
        "price_per_unit": "18",
        "price_unit": "G"
      },
      {
        "state": "NT",
        "price": "750",
        "price_per_unit": "18",
        "price_unit": "G"
      }
    ]
  },
  {
    "source_url": "https://www.woolworths.com.au/shop/productdetails/749926/mckenzie-s-himalayan-salt-rock-pink",
    "name": "McKenzie's Himalayan Salt Rock Pink 400g",
    "image_url": "https://cdn1.woolworths.media/content/wowproductimages/large/749926.jpg",
    "source_id": "Woolworths - 749926",
    "barcode": "9310061122797",
    "shop": "Woolworths",
    "weight": "10G",
    "prices": [
      {
        "state": "VIC",
        "price": "595",
        "price_per_unit": "15",
        "price_unit": "G"
      },
      {
        "state": "QLD",
        "price": "595",
        "price_per_unit": "15",
        "price_unit": "G"
      },
      {
        "state": "WA",
        "price": "595",
        "price_per_unit": "15",
        "price_unit": "G"
      },
      {
        "state": "SA",
        "price": "595",
        "price_per_unit": "15",
        "price_unit": "G"
      },
      {
        "state": "TAS",
        "price": "550",
        "price_per_unit": "14",
        "price_unit": "G"
      },
      {
        "state": "ACT",
        "price": "550",
        "price_per_unit": "14",
        "price_unit": "G"
      },
      {
        "state": "NT",
        "price": "550",
        "price_per_unit": "14",
        "price_unit": "G"
      }
    ]
  },
  {
    "source_url": "https://www.woolworths.com.au/shop/productdetails/320992/mckenzie-s-natural-salt-sea",
    "name": "McKenzie's Natural Salt Sea 400g",
    "image_url": "https://cdn1.woolworths.media/content/wowproductimages/large/320992.jpg",
    "source_id": "Woolworths - 320992",
    "barcode": "9310061967213",
    "shop": "Woolworths",
    "weight": "10G",
    "prices": [
      {
        "state": "VIC",
        "price": "595",
        "price_per_unit": "15",
        "price_unit": "G"
      },
      {
        "state": "QLD",
        "price": "595",
        "price_per_unit": "15",
        "price_unit": "G"
      },
      {
        "state": "WA",
        "price": "595",
        "price_per_unit": "15",
        "price_unit": "G"
      },
      {
        "state": "SA",
        "price": "595",
        "price_per_unit": "15",
        "price_unit": "G"
      },
      {
        "state": "TAS",
        "price": "550",
        "price_per_unit": "14",
        "price_unit": "G"
      },
      {
        "state": "ACT",
        "price": "550",
        "price_per_unit": "14",
        "price_unit": "G"
      },
      {
        "state": "NT",
        "price": "550",
        "price_per_unit": "14",
        "price_unit": "G"
      }
    ]
  },
  {
    "source_url": "https://www.woolworths.com.au/shop/productdetails/260684/mckenzie-s-natural-sea-salt-grinder",
    "name": "McKenzie's Natural Sea Salt Grinder 410g",
    "image_url": "https://cdn1.woolworths.media/content/wowproductimages/large/260684.jpg",
    "source_id": "Woolworths - 260684",
    "barcode": "9310061124876",
    "shop": "Woolworths",
    "weight": "10G",
    "prices": [
      {
        "state": "VIC",
        "price": "850",
        "price_per_unit": "21",
        "price_unit": "G"
      },
      {
        "state": "QLD",
        "price": "850",
        "price_per_unit": "21",
        "price_unit": "G"
      },
      {
        "state": "WA",
        "price": "850",
        "price_per_unit": "21",
        "price_unit": "G"
      },
      {
        "state": "SA",
        "price": "850",
        "price_per_unit": "21",
        "price_unit": "G"
      },
      {
        "state": "TAS",
        "price": "750",
        "price_per_unit": "18",
        "price_unit": "G"
      },
      {
        "state": "ACT",
        "price": "750",
        "price_per_unit": "18",
        "price_unit": "G"
      },
      {
        "state": "NT",
        "price": "750",
        "price_per_unit": "18",
        "price_unit": "G"
      }
    ]
  },
  {
    "source_url": "https://www.woolworths.com.au/shop/productdetails/52070/mckenzie-s-pepper-black-coarse-milled",
    "name": "McKenzie's Pepper Black Coarse Milled 100g",
    "image_url": "https://cdn1.woolworths.media/content/wowproductimages/large/052070.jpg",
    "source_id": "Woolworths - 52070",
    "barcode": "9310061066428",
    "shop": "Woolworths",
    "weight": "10G",
    "prices": [
      {
        "state": "VIC",
        "price": "420",
        "price_per_unit": "42",
        "price_unit": "G"
      },
      {
        "state": "QLD",
        "price": "420",
        "price_per_unit": "42",
        "price_unit": "G"
      },
      {
        "state": "WA",
        "price": "420",
        "price_per_unit": "42",
        "price_unit": "G"
      },
      {
        "state": "SA",
        "price": "420",
        "price_per_unit": "42",
        "price_unit": "G"
      },
      {
        "state": "TAS",
        "price": "370",
        "price_per_unit": "37",
        "price_unit": "G"
      },
      {
        "state": "ACT",
        "price": "370",
        "price_per_unit": "37",
        "price_unit": "G"
      },
      {
        "state": "NT",
        "price": "370",
        "price_per_unit": "37",
        "price_unit": "G"
      }
    ]
  },
  {
    "source_url": "https://www.woolworths.com.au/shop/productdetails/320995/mckenzie-s-pepper-black-corns-blended",
    "name": "McKenzie's Pepper Black Corns Blended 200g",
    "image_url": "https://cdn1.woolworths.media/content/wowproductimages/large/320995.jpg",
    "source_id": "Woolworths - 320995",
    "barcode": "9310061967251",
    "shop": "Woolworths",
    "weight": "10G",
    "prices": [
      {
        "state": "VIC",
        "price": "595",
        "price_per_unit": "30",
        "price_unit": "G"
      },
      {
        "state": "QLD",
        "price": "595",
        "price_per_unit": "30",
        "price_unit": "G"
      },
      {
        "state": "WA",
        "price": "595",
        "price_per_unit": "30",
        "price_unit": "G"
      },
      {
        "state": "SA",
        "price": "595",
        "price_per_unit": "30",
        "price_unit": "G"
      },
      {
        "state": "TAS",
        "price": "550",
        "price_per_unit": "28",
        "price_unit": "G"
      },
      {
        "state": "ACT",
        "price": "550",
        "price_per_unit": "28",
        "price_unit": "G"
      },
      {
        "state": "NT",
        "price": "550",
        "price_per_unit": "28",
        "price_unit": "G"
      }
    ]
  },
  {
    "source_url": "https://www.woolworths.com.au/shop/productdetails/111298/mckenzie-s-whole-black-peppercorns-grinder",
    "name": "McKenzie's Whole Black Peppercorns Grinder 200g",
    "image_url": "https://cdn1.woolworths.media/content/wowproductimages/large/111298.jpg",
    "source_id": "Woolworths - 111298",
    "barcode": "9310061124890",
    "shop": "Woolworths",
    "weight": "10G",
    "prices": [
      {
        "state": "VIC",
        "price": "850",
        "price_per_unit": "43",
        "price_unit": "G"
      },
      {
        "state": "QLD",
        "price": "850",
        "price_per_unit": "43",
        "price_unit": "G"
      },
      {
        "state": "WA",
        "price": "850",
        "price_per_unit": "43",
        "price_unit": "G"
      },
      {
        "state": "SA",
        "price": "850",
        "price_per_unit": "43",
        "price_unit": "G"
      },
      {
        "state": "TAS",
        "price": "750",
        "price_per_unit": "38",
        "price_unit": "G"
      },
      {
        "state": "ACT",
        "price": "750",
        "price_per_unit": "38",
        "price_unit": "G"
      },
      {
        "state": "NT",
        "price": "750",
        "price_per_unit": "38",
        "price_unit": "G"
      }
    ]
  },
  {
    "source_url": "https://www.woolworths.com.au/shop/productdetails/415808/melach-kosher-fine-sea-salt",
    "name": "Melach Kosher Fine Sea Salt 500g",
    "image_url": "https://cdn1.woolworths.media/content/wowproductimages/large/415808.jpg",
    "source_id": "Woolworths - 415808",
    "barcode": "9359217000022",
    "shop": "Woolworths",
    "weight": "100G",
    "prices": [
      {
        "state": "VIC",
        "price": "1190",
        "price_per_unit": "238",
        "price_unit": "G"
      },
      {
        "state": "QLD",
        "price": "1190",
        "price_per_unit": "238",
        "price_unit": "G"
      },
      {
        "state": "WA",
        "price": "1190",
        "price_per_unit": "238",
        "price_unit": "G"
      },
      {
        "state": "SA",
        "price": "1190",
        "price_per_unit": "238",
        "price_unit": "G"
      },
      {
        "state": "TAS",
        "price": "1190",
        "price_per_unit": "238",
        "price_unit": "G"
      },
      {
        "state": "ACT",
        "price": "950",
        "price_per_unit": "190",
        "price_unit": "G"
      },
      {
        "state": "NT",
        "price": "950",
        "price_per_unit": "190",
        "price_unit": "G"
      }
    ]
  },
  {
    "source_url": "https://www.woolworths.com.au/shop/productdetails/416341/melach-kosher-large-sea-salt-flakes",
    "name": "Melach Kosher Large Sea Salt Flakes 500g",
    "image_url": "https://cdn1.woolworths.media/content/wowproductimages/large/416341.jpg",
    "source_id": "Woolworths - 416341",
    "barcode": "9359217000039",
    "shop": "Woolworths",
    "weight": "100G",
    "prices": [
      {
        "state": "VIC",
        "price": "1320",
        "price_per_unit": "264",
        "price_unit": "G"
      },
      {
        "state": "QLD",
        "price": "1320",
        "price_per_unit": "264",
        "price_unit": "G"
      },
      {
        "state": "WA",
        "price": "1320",
        "price_per_unit": "264",
        "price_unit": "G"
      },
      {
        "state": "SA",
        "price": "1320",
        "price_per_unit": "264",
        "price_unit": "G"
      },
      {
        "state": "TAS",
        "price": "1320",
        "price_per_unit": "264",
        "price_unit": "G"
      },
      {
        "state": "ACT",
        "price": "950",
        "price_per_unit": "190",
        "price_unit": "G"
      },
      {
        "state": "NT",
        "price": "950",
        "price_per_unit": "190",
        "price_unit": "G"
      }
    ]
  },
  {
    "source_url": "https://www.woolworths.com.au/shop/productdetails/58611/mitani-chicken-salt",
    "name": "Mitani Chicken Salt 200g",
    "image_url": "https://cdn1.woolworths.media/content/wowproductimages/large/058611.jpg",
    "source_id": "Woolworths - 58611",
    "barcode": "9315404002019",
    "shop": "Woolworths",
    "weight": "10G",
    "prices": [
      {
        "state": "VIC",
        "price": "380",
        "price_per_unit": "19",
        "price_unit": "G"
      },
      {
        "state": "QLD",
        "price": "380",
        "price_per_unit": "19",
        "price_unit": "G"
      },
      {
        "state": "WA",
        "price": "380",
        "price_per_unit": "19",
        "price_unit": "G"
      },
      {
        "state": "SA",
        "price": "380",
        "price_per_unit": "19",
        "price_unit": "G"
      },
      {
        "state": "TAS",
        "price": "340",
        "price_per_unit": "17",
        "price_unit": "G"
      },
      {
        "state": "ACT",
        "price": "340",
        "price_per_unit": "17",
        "price_unit": "G"
      },
      {
        "state": "NT",
        "price": "340",
        "price_per_unit": "17",
        "price_unit": "G"
      }
    ]
  },
  {
    "source_url": "https://www.woolworths.com.au/shop/productdetails/581143/nando-s-peri-peri-spice-chilli-salt",
    "name": "Nando's Peri-Peri Spice Chilli Salt 50g",
    "image_url": "https://cdn1.woolworths.media/content/wowproductimages/large/581143.jpg",
    "source_id": "Woolworths - 581143",
    "barcode": "6003770011249",
    "shop": "Woolworths",
    "weight": "10G",
    "prices": [
      {
        "state": "VIC",
        "price": "450",
        "price_per_unit": "90",
        "price_unit": "G"
      },
      {
        "state": "QLD",
        "price": "450",
        "price_per_unit": "90",
        "price_unit": "G"
      },
      {
        "state": "WA",
        "price": "450",
        "price_per_unit": "90",
        "price_unit": "G"
      },
      {
        "state": "SA",
        "price": "450",
        "price_per_unit": "90",
        "price_unit": "G"
      },
      {
        "state": "TAS",
        "price": "450",
        "price_per_unit": "90",
        "price_unit": "G"
      },
      {
        "state": "ACT",
        "price": "450",
        "price_per_unit": "90",
        "price_unit": "G"
      },
      {
        "state": "NT",
        "price": "450",
        "price_per_unit": "90",
        "price_unit": "G"
      }
    ]
  },
  {
    "source_url": "https://www.woolworths.com.au/shop/productdetails/445342/natural-ceramic-grinder-himalayan-rock-salt",
    "name": "Natural Ceramic Grinder Himalayan Rock Salt 100g",
    "image_url": "https://cdn1.woolworths.media/content/wowproductimages/large/445342.jpg",
    "source_id": "Woolworths - 445342",
    "barcode": "837038000500",
    "shop": "Woolworths",
    "weight": "10G",
    "prices": [
      {
        "state": "VIC",
        "price": "525",
        "price_per_unit": "53",
        "price_unit": "G"
      },
      {
        "state": "QLD",
        "price": "525",
        "price_per_unit": "53",
        "price_unit": "G"
      },
      {
        "state": "WA",
        "price": "525",
        "price_per_unit": "53",
        "price_unit": "G"
      },
      {
        "state": "SA",
        "price": "525",
        "price_per_unit": "53",
        "price_unit": "G"
      },
      {
        "state": "TAS",
        "price": "525",
        "price_per_unit": "53",
        "price_unit": "G"
      },
      {
        "state": "ACT",
        "price": "525",
        "price_per_unit": "53",
        "price_unit": "G"
      },
      {
        "state": "NT",
        "price": "525",
        "price_per_unit": "53",
        "price_unit": "G"
      }
    ]
  },
  {
    "source_url": "https://www.woolworths.com.au/shop/productdetails/37370/saxa-fine-white-pepper-picnic-pack",
    "name": "Saxa Fine White Pepper 50g",
    "image_url": "https://cdn1.woolworths.media/content/wowproductimages/large/037370.jpg",
    "source_id": "Woolworths - 37370",
    "barcode": "93681292",
    "shop": "Woolworths",
    "weight": "10G",
    "prices": [
      {
        "state": "VIC",
        "price": "450",
        "price_per_unit": "90",
        "price_unit": "G"
      },
      {
        "state": "QLD",
        "price": "450",
        "price_per_unit": "90",
        "price_unit": "G"
      },
      {
        "state": "WA",
        "price": "450",
        "price_per_unit": "90",
        "price_unit": "G"
      },
      {
        "state": "SA",
        "price": "450",
        "price_per_unit": "90",
        "price_unit": "G"
      },
      {
        "state": "TAS",
        "price": "450",
        "price_per_unit": "90",
        "price_unit": "G"
      },
      {
        "state": "ACT",
        "price": "450",
        "price_per_unit": "90",
        "price_unit": "G"
      },
      {
        "state": "NT",
        "price": "475",
        "price_per_unit": "95",
        "price_unit": "G"
      }
    ]
  },
  {
    "source_url": "https://www.woolworths.com.au/shop/productdetails/98800/saxa-ground-black-pepper-picnic-pack",
    "name": "Saxa Ground Black Pepper 50g",
    "image_url": "https://cdn1.woolworths.media/content/wowproductimages/large/098800.jpg",
    "source_id": "Woolworths - 98800",
    "barcode": "93681278",
    "shop": "Woolworths",
    "weight": "10G",
    "prices": [
      {
        "state": "VIC",
        "price": "450",
        "price_per_unit": "90",
        "price_unit": "G"
      },
      {
        "state": "QLD",
        "price": "450",
        "price_per_unit": "90",
        "price_unit": "G"
      },
      {
        "state": "WA",
        "price": "450",
        "price_per_unit": "90",
        "price_unit": "G"
      },
      {
        "state": "SA",
        "price": "450",
        "price_per_unit": "90",
        "price_unit": "G"
      },
      {
        "state": "TAS",
        "price": "450",
        "price_per_unit": "90",
        "price_unit": "G"
      },
      {
        "state": "ACT",
        "price": "450",
        "price_per_unit": "90",
        "price_unit": "G"
      },
      {
        "state": "NT",
        "price": "475",
        "price_per_unit": "95",
        "price_unit": "G"
      }
    ]
  },
  {
    "source_url": "https://www.woolworths.com.au/shop/productdetails/306494/saxa-iodised-cooking-salt-iodised",
    "name": "Saxa Iodised Cooking Salt 1kg",
    "image_url": "https://cdn1.woolworths.media/content/wowproductimages/large/306494.jpg",
    "source_id": "Woolworths - 306494",
    "barcode": "9310412001115",
    "shop": "Woolworths",
    "weight": "10G",
    "prices": [
      {
        "state": "VIC",
        "price": "260",
        "price_per_unit": "3",
        "price_unit": "G"
      },
      {
        "state": "QLD",
        "price": "260",
        "price_per_unit": "3",
        "price_unit": "G"
      },
      {
        "state": "WA",
        "price": "260",
        "price_per_unit": "3",
        "price_unit": "G"
      },
      {
        "state": "SA",
        "price": "260",
        "price_per_unit": "3",
        "price_unit": "G"
      },
      {
        "state": "TAS",
        "price": "260",
        "price_per_unit": "3",
        "price_unit": "G"
      },
      {
        "state": "ACT",
        "price": "260",
        "price_per_unit": "3",
        "price_unit": "G"
      },
      {
        "state": "NT",
        "price": "275",
        "price_per_unit": "3",
        "price_unit": "G"
      }
    ]
  },
  {
    "source_url": "https://www.woolworths.com.au/shop/productdetails/306498/saxa-iodised-rock-salt-salt",
    "name": "Saxa Iodised Rock Salt 500g",
    "image_url": "https://cdn1.woolworths.media/content/wowproductimages/large/306498.jpg",
    "source_id": "Woolworths - 306498",
    "barcode": "9310412001979",
    "shop": "Woolworths",
    "weight": "10G",
    "prices": [
      {
        "state": "VIC",
        "price": "280",
        "price_per_unit": "6",
        "price_unit": "G"
      },
      {
        "state": "QLD",
        "price": "280",
        "price_per_unit": "6",
        "price_unit": "G"
      },
      {
        "state": "WA",
        "price": "280",
        "price_per_unit": "6",
        "price_unit": "G"
      },
      {
        "state": "SA",
        "price": "280",
        "price_per_unit": "6",
        "price_unit": "G"
      },
      {
        "state": "TAS",
        "price": "280",
        "price_per_unit": "6",
        "price_unit": "G"
      },
      {
        "state": "ACT",
        "price": "280",
        "price_per_unit": "6",
        "price_unit": "G"
      },
      {
        "state": "NT",
        "price": "295",
        "price_per_unit": "6",
        "price_unit": "G"
      }
    ]
  },
  {
    "source_url": "https://www.woolworths.com.au/shop/productdetails/226270/saxa-iodised-sea-salt-grinder-grinder",
    "name": "Saxa Iodised Sea Salt Grinder 90g",
    "image_url": "https://cdn1.woolworths.media/content/wowproductimages/large/226270.jpg",
    "source_id": "Woolworths - 226270",
    "barcode": "93681148",
    "shop": "Woolworths",
    "weight": "10G",
    "prices": [
      {
        "state": "VIC",
        "price": "450",
        "price_per_unit": "50",
        "price_unit": "G"
      },
      {
        "state": "QLD",
        "price": "450",
        "price_per_unit": "50",
        "price_unit": "G"
      },
      {
        "state": "WA",
        "price": "450",
        "price_per_unit": "50",
        "price_unit": "G"
      },
      {
        "state": "SA",
        "price": "450",
        "price_per_unit": "50",
        "price_unit": "G"
      },
      {
        "state": "TAS",
        "price": "550",
        "price_per_unit": "61",
        "price_unit": "G"
      },
      {
        "state": "ACT",
        "price": "550",
        "price_per_unit": "61",
        "price_unit": "G"
      },
      {
        "state": "NT",
        "price": "580",
        "price_per_unit": "64",
        "price_unit": "G"
      }
    ]
  },
  {
    "source_url": "https://www.woolworths.com.au/shop/productdetails/306491/saxa-natural-australian-salt-traditional-cooking-seasoning",
    "name": "Saxa Natural Australian Salt Traditional Cooking Seasoning 1kg",
    "image_url": "https://cdn1.woolworths.media/content/wowproductimages/large/306491.jpg",
    "source_id": "Woolworths - 306491",
    "barcode": "9310412000934",
    "shop": "Woolworths",
    "weight": "10G",
    "prices": [
      {
        "state": "VIC",
        "price": "260",
        "price_per_unit": "3",
        "price_unit": "G"
      },
      {
        "state": "QLD",
        "price": "260",
        "price_per_unit": "3",
        "price_unit": "G"
      },
      {
        "state": "WA",
        "price": "260",
        "price_per_unit": "3",
        "price_unit": "G"
      },
      {
        "state": "SA",
        "price": "260",
        "price_per_unit": "3",
        "price_unit": "G"
      },
      {
        "state": "TAS",
        "price": "260",
        "price_per_unit": "3",
        "price_unit": "G"
      },
      {
        "state": "ACT",
        "price": "260",
        "price_per_unit": "3",
        "price_unit": "G"
      },
      {
        "state": "NT",
        "price": "275",
        "price_per_unit": "3",
        "price_unit": "G"
      }
    ]
  },
  {
    "source_url": "https://www.woolworths.com.au/shop/productdetails/306486/saxa-natural-australian-salt-traditional-cooking-seasoning",
    "name": "Saxa Natural Australian Salt Traditional Cooking Seasoning 2kg",
    "image_url": "https://cdn1.woolworths.media/content/wowproductimages/large/306486.jpg",
    "source_id": "Woolworths - 306486",
    "barcode": "9310412001597",
    "shop": "Woolworths",
    "weight": "10G",
    "prices": [
      {
        "state": "VIC",
        "price": "350",
        "price_per_unit": "2",
        "price_unit": "G"
      },
      {
        "state": "QLD",
        "price": "350",
        "price_per_unit": "2",
        "price_unit": "G"
      },
      {
        "state": "WA",
        "price": "350",
        "price_per_unit": "2",
        "price_unit": "G"
      },
      {
        "state": "SA",
        "price": "350",
        "price_per_unit": "2",
        "price_unit": "G"
      },
      {
        "state": "TAS",
        "price": "350",
        "price_per_unit": "2",
        "price_unit": "G"
      },
      {
        "state": "ACT",
        "price": "350",
        "price_per_unit": "2",
        "price_unit": "G"
      },
      {
        "state": "NT",
        "price": "370",
        "price_per_unit": "2",
        "price_unit": "G"
      }
    ]
  },
  {
    "source_url": "https://www.woolworths.com.au/shop/productdetails/142081/saxa-natural-sea-salt-grinder-salt-grinder",
    "name": "Saxa Natural Sea Salt Grinder 90g",
    "image_url": "https://cdn1.woolworths.media/content/wowproductimages/large/142081.jpg",
    "source_id": "Woolworths - 142081",
    "barcode": "93681063",
    "shop": "Woolworths",
    "weight": "10G",
    "prices": [
      {
        "state": "VIC",
        "price": "450",
        "price_per_unit": "50",
        "price_unit": "G"
      },
      {
        "state": "QLD",
        "price": "450",
        "price_per_unit": "50",
        "price_unit": "G"
      },
      {
        "state": "WA",
        "price": "450",
        "price_per_unit": "50",
        "price_unit": "G"
      },
      {
        "state": "SA",
        "price": "450",
        "price_per_unit": "50",
        "price_unit": "G"
      },
      {
        "state": "TAS",
        "price": "550",
        "price_per_unit": "61",
        "price_unit": "G"
      },
      {
        "state": "ACT",
        "price": "550",
        "price_per_unit": "61",
        "price_unit": "G"
      },
      {
        "state": "NT",
        "price": "580",
        "price_per_unit": "64",
        "price_unit": "G"
      }
    ]
  },
  {
    "source_url": "https://www.woolworths.com.au/shop/productdetails/63667/saxa-picnic-pack-iodised-table-salt",
    "name": "Saxa Picnic Pack Iodised Table Salt 125g",
    "image_url": "https://cdn1.woolworths.media/content/wowproductimages/large/063667.jpg",
    "source_id": "Woolworths - 63667",
    "barcode": "93352246",
    "shop": "Woolworths",
    "weight": "10G",
    "prices": [
      {
        "state": "VIC",
        "price": "280",
        "price_per_unit": "22",
        "price_unit": "G"
      },
      {
        "state": "QLD",
        "price": "280",
        "price_per_unit": "22",
        "price_unit": "G"
      },
      {
        "state": "WA",
        "price": "280",
        "price_per_unit": "22",
        "price_unit": "G"
      },
      {
        "state": "SA",
        "price": "280",
        "price_per_unit": "22",
        "price_unit": "G"
      },
      {
        "state": "TAS",
        "price": "280",
        "price_per_unit": "22",
        "price_unit": "G"
      },
      {
        "state": "ACT",
        "price": "280",
        "price_per_unit": "22",
        "price_unit": "G"
      },
      {
        "state": "NT",
        "price": "295",
        "price_per_unit": "24",
        "price_unit": "G"
      }
    ]
  },
  {
    "source_url": "https://www.woolworths.com.au/shop/productdetails/445775/saxa-refill-value-pack-natural-pink-himalayan-rock-salt",
    "name": "Saxa Refill Value Pack Natural Pink Himalayan Rock Salt 500g",
    "image_url": "https://cdn1.woolworths.media/content/wowproductimages/large/445775.jpg",
    "source_id": "Woolworths - 445775",
    "barcode": "9310412001283",
    "shop": "Woolworths",
    "weight": "10G",
    "prices": [
      {
        "state": "VIC",
        "price": "500",
        "price_per_unit": "10",
        "price_unit": "G"
      },
      {
        "state": "QLD",
        "price": "500",
        "price_per_unit": "10",
        "price_unit": "G"
      },
      {
        "state": "WA",
        "price": "500",
        "price_per_unit": "10",
        "price_unit": "G"
      },
      {
        "state": "SA",
        "price": "500",
        "price_per_unit": "10",
        "price_unit": "G"
      },
      {
        "state": "TAS",
        "price": "500",
        "price_per_unit": "10",
        "price_unit": "G"
      },
      {
        "state": "ACT",
        "price": "500",
        "price_per_unit": "10",
        "price_unit": "G"
      },
      {
        "state": "NT",
        "price": "525",
        "price_per_unit": "11",
        "price_unit": "G"
      }
    ]
  },
  {
    "source_url": "https://www.woolworths.com.au/shop/productdetails/306497/saxa-refill-value-pack-natural-rock-salt",
    "name": "Saxa Refill Value Pack Natural Rock Salt 500g",
    "image_url": "https://cdn1.woolworths.media/content/wowproductimages/large/306497.jpg",
    "source_id": "Woolworths - 306497",
    "barcode": "9310412001733",
    "shop": "Woolworths",
    "weight": "10G",
    "prices": [
      {
        "state": "VIC",
        "price": "280",
        "price_per_unit": "6",
        "price_unit": "G"
      },
      {
        "state": "QLD",
        "price": "280",
        "price_per_unit": "6",
        "price_unit": "G"
      },
      {
        "state": "WA",
        "price": "280",
        "price_per_unit": "6",
        "price_unit": "G"
      },
      {
        "state": "SA",
        "price": "280",
        "price_per_unit": "6",
        "price_unit": "G"
      },
      {
        "state": "TAS",
        "price": "280",
        "price_per_unit": "6",
        "price_unit": "G"
      },
      {
        "state": "ACT",
        "price": "280",
        "price_per_unit": "6",
        "price_unit": "G"
      },
      {
        "state": "NT",
        "price": "295",
        "price_per_unit": "6",
        "price_unit": "G"
      }
    ]
  },
  {
    "source_url": "https://www.woolworths.com.au/shop/productdetails/43115/saxa-table-salt-picnic-pack-picnic-pack",
    "name": "Saxa Table Salt Picnic Pack 125g",
    "image_url": "https://cdn1.woolworths.media/content/wowproductimages/large/043115.jpg",
    "source_id": "Woolworths - 43115",
    "barcode": "93201704",
    "shop": "Woolworths",
    "weight": "10G",
    "prices": [
      {
        "state": "VIC",
        "price": "280",
        "price_per_unit": "22",
        "price_unit": "G"
      },
      {
        "state": "QLD",
        "price": "280",
        "price_per_unit": "22",
        "price_unit": "G"
      },
      {
        "state": "WA",
        "price": "280",
        "price_per_unit": "22",
        "price_unit": "G"
      },
      {
        "state": "SA",
        "price": "280",
        "price_per_unit": "22",
        "price_unit": "G"
      },
      {
        "state": "TAS",
        "price": "280",
        "price_per_unit": "22",
        "price_unit": "G"
      },
      {
        "state": "ACT",
        "price": "280",
        "price_per_unit": "22",
        "price_unit": "G"
      },
      {
        "state": "NT",
        "price": "295",
        "price_per_unit": "24",
        "price_unit": "G"
      }
    ]
  },
  {
    "source_url": "https://www.woolworths.com.au/shop/productdetails/73717/woolworths-chicken-salt",
    "name": "Woolworths Chicken Salt 400g",
    "image_url": "https://cdn1.woolworths.media/content/wowproductimages/large/073717.jpg",
    "source_id": "Woolworths - 73717",
    "barcode": "9339687138166",
    "shop": "Woolworths",
    "weight": "10G",
    "prices": [
      {
        "state": "VIC",
        "price": "400",
        "price_per_unit": "10",
        "price_unit": "G"
      },
      {
        "state": "QLD",
        "price": "400",
        "price_per_unit": "10",
        "price_unit": "G"
      },
      {
        "state": "WA",
        "price": "400",
        "price_per_unit": "10",
        "price_unit": "G"
      },
      {
        "state": "TAS",
        "price": "400",
        "price_per_unit": "10",
        "price_unit": "G"
      },
      {
        "state": "ACT",
        "price": "400",
        "price_per_unit": "10",
        "price_unit": "G"
      },
      {
        "state": "NT",
        "price": "404",
        "price_per_unit": "10",
        "price_unit": "G"
      }
    ]
  },
  {
    "source_url": "https://www.woolworths.com.au/shop/productdetails/476441/woolworths-himalayan-pink-fine-table-salt",
    "name": "Woolworths Himalayan Pink Fine Table Salt 750g",
    "image_url": "https://cdn1.woolworths.media/content/wowproductimages/large/476441.jpg",
    "source_id": "Woolworths - 476441",
    "barcode": "9300633584474",
    "shop": "Woolworths",
    "weight": "10G",
    "prices": [
      {
        "state": "VIC",
        "price": "470",
        "price_per_unit": "6",
        "price_unit": "G"
      },
      {
        "state": "TAS",
        "price": "470",
        "price_per_unit": "6",
        "price_unit": "G"
      },
      {
        "state": "ACT",
        "price": "470",
        "price_per_unit": "6",
        "price_unit": "G"
      },
      {
        "state": "NT",
        "price": "470",
        "price_per_unit": "6",
        "price_unit": "G"
      }
    ]
  },
  {
    "source_url": "https://www.woolworths.com.au/shop/productdetails/476440/woolworths-himalayan-pink-salt-fine-cut-shaker",
    "name": "Woolworths Himalayan Pink Salt Fine Cut Shaker 125g",
    "image_url": "https://cdn1.woolworths.media/content/wowproductimages/large/476440.jpg",
    "source_id": "Woolworths - 476440",
    "barcode": "9300633584467",
    "shop": "Woolworths",
    "weight": "10G",
    "prices": [
      {
        "state": "VIC",
        "price": "320",
        "price_per_unit": "26",
        "price_unit": "G"
      },
      {
        "state": "TAS",
        "price": "320",
        "price_per_unit": "26",
        "price_unit": "G"
      },
      {
        "state": "ACT",
        "price": "320",
        "price_per_unit": "26",
        "price_unit": "G"
      },
      {
        "state": "NT",
        "price": "320",
        "price_per_unit": "26",
        "price_unit": "G"
      }
    ]
  },
  {
    "source_url": "https://www.woolworths.com.au/shop/productdetails/386603/woolworths-himalayan-pink-salt-refill",
    "name": "Woolworths Himalayan Pink Salt Refill 500g",
    "image_url": "https://cdn1.woolworths.media/content/wowproductimages/large/386603.jpg",
    "source_id": "Woolworths - 386603",
    "barcode": "9339687354511",
    "shop": "Woolworths",
    "weight": "10G",
    "prices": [
      {
        "state": "VIC",
        "price": "350",
        "price_per_unit": "7",
        "price_unit": "G"
      },
      {
        "state": "TAS",
        "price": "350",
        "price_per_unit": "7",
        "price_unit": "G"
      },
      {
        "state": "ACT",
        "price": "350",
        "price_per_unit": "7",
        "price_unit": "G"
      },
      {
        "state": "NT",
        "price": "350",
        "price_per_unit": "7",
        "price_unit": "G"
      }
    ]
  },
  {
    "source_url": "https://www.woolworths.com.au/shop/productdetails/386604/woolworths-sea-salt-refill",
    "name": "Woolworths Sea Salt Refill 500g",
    "image_url": "https://cdn1.woolworths.media/content/wowproductimages/large/386604.jpg",
    "source_id": "Woolworths - 386604",
    "barcode": "9339687354528",
    "shop": "Woolworths",
    "weight": "10G",
    "prices": [
      {
        "state": "VIC",
        "price": "200",
        "price_per_unit": "4",
        "price_unit": "G"
      },
      {
        "state": "TAS",
        "price": "200",
        "price_per_unit": "4",
        "price_unit": "G"
      },
      {
        "state": "NT",
        "price": "200",
        "price_per_unit": "4",
        "price_unit": "G"
      }
    ]
  },
  {
    "source_url": "https://www.woolworths.com.au/shop/productdetails/171249/olsson-s-rock-sea-salt",
    "name": "Olsson's Rock Sea Salt 1kg",
    "image_url": "https://cdn1.woolworths.media/content/wowproductimages/large/171249.jpg",
    "source_id": "Woolworths - 171249",
    "barcode": "9310342002657",
    "shop": "Woolworths",
    "weight": "10G",
    "prices": [
      {
        "state": "SA",
        "price": "195",
        "price_per_unit": "2",
        "price_unit": "G"
      },
      {
        "state": "ACT",
        "price": "195",
        "price_per_unit": "2",
        "price_unit": "G"
      }
    ]
  },
  {
    "source_url": "https://www.woolworths.com.au/shop/productdetails/129934/olsson-s-sea-salt-flakes-eyre-peninsula",
    "name": "Olsson's Sea Salt Flakes Eyre Peninsula 100g",
    "image_url": "https://cdn1.woolworths.media/content/wowproductimages/large/129934.jpg",
    "source_id": "Woolworths - 129934",
    "barcode": "9310342005900",
    "shop": "Woolworths",
    "weight": "100G",
    "prices": [
      {
        "state": "SA",
        "price": "700",
        "price_per_unit": "583",
        "price_unit": "G"
      },
      {
        "state": "ACT",
        "price": "700",
        "price_per_unit": "583",
        "price_unit": "G"
      }
    ]
  },
  {
    "source_url": "https://www.woolworths.com.au/shop/productdetails/129932/olsson-s-smoked-salt-redgum",
    "name": "Olsson's Smoked Salt Redgum 90g",
    "image_url": "https://cdn1.woolworths.media/content/wowproductimages/large/129932.jpg",
    "source_id": "Woolworths - 129932",
    "barcode": "9310342005894",
    "shop": "Woolworths",
    "weight": "10G",
    "prices": [
      {
        "state": "SA",
        "price": "1000",
        "price_per_unit": "111",
        "price_unit": "G"
      },
      {
        "state": "ACT",
        "price": "1000",
        "price_per_unit": "111",
        "price_unit": "G"
      }
    ]
  },
  {
    "source_url": "https://www.woolworths.com.au/shop/productdetails/171640/olsson-s-table-sea-salt",
    "name": "Olsson's Table Sea Salt 500g",
    "image_url": "https://cdn1.woolworths.media/content/wowproductimages/large/171640.jpg",
    "source_id": "Woolworths - 171640",
    "barcode": "9310342001100",
    "shop": "Woolworths",
    "weight": "10G",
    "prices": [
      {
        "state": "SA",
        "price": "230",
        "price_per_unit": "5",
        "price_unit": "G"
      },
      {
        "state": "ACT",
        "price": "230",
        "price_per_unit": "5",
        "price_unit": "G"
      }
    ]
  }
]